2650 3917
968 187 1094 242 GAI
1128 186 1386 242 INSTIT.
1426 188 1451 242 Ι
1490 192 1716 242 33-35.
2206 190 2335 256 149

300 352 552 417 diorum
594 351 903 434 frumenti
950 353 1185 436 capiat,
1231 374 1434 435 eaque
1478 353 1664 416 nauis
1710 354 1815 417 uel
1874 375 2038 437 quae
2083 355 2152 418 in
2198 355 2334 418 eius

296 443 514 507 10011111
579 441 931 506 substituta
992 443 1099 521 sit,
1172 462 1279 507 sex
1344 443 1528 505 annis
1599 441 1994 506 frumentum
2058 442 2333 508 Romam

298 531 673 615 portauerit.
750 530 842 595 33.
880 530 1219 595 Praeterea
1256 553 1299 596 a
1337 531 1588 596 Nerone
1635 534 2029 598 constitutum
2078 532 2214 612 est¹‚
2260 537 2336 597 ut

299 622 356 685 si
418 619 717 704 Latinus,
792 620 904 703 (1111
967 621 1433 704 patrimonium
1499 622 1863 686 sestertium
1933 638 2016 685 cc
2080 622 2333 687 milium

280 710 586 794 -plurisue
630 708 923 792 habebit,
981 710 1046 772 111
1091 710 1251 774 urbe
1296 708 1506 774 Roma
1563 710 1825 774 domum
1882 711 2334 795 aedifieauerit‚

296 800 366 863 in
395 796 628 883 quam²
661 819 796 863 11011
831 798 1047 862 minus
1086 821 1279 883 quam
1308 802 1558 883 partem
1596 799 1932 864 dimidiam
1959 801 2334 884 patrimonii

300 888 402 953 sui
447 887 856 972 impenderit,
904 887 1004 952 ius
1053 886 1402 963 Quiritium
1460 892 1907 972 consequatur.
1999 889 2094 954 34.
2142 888 2333 953 Deni-

297 1000 421 1061 que
457 975 773 1042 Traianus
787 974 812 1014 ³
841 978 1197 1059 constituit,
1242 981 1317 1041 ut
1346 980 1402 1041 si
1441 978 1715 1043 Latinus
1750 978 1816 1041 in
1855 978 2012 1042 urbe
2058 979 2332 1044 triennio

295 1066 646 1152 pistrinum
695 1066 1068 1150 exercuerit,
1112 1067 1278 1148 quod
1311 1065 1420 1131 in⁴¹=
1459 1067 1593 1131 dies
1641 1068 1932 1152 singulos
1961 1089 2094 1131 non
2120 1068 2332 1131 minus

295 1179 489 1241 quam
540 1160 845 1222 centenos
891 1157 1133 1221 modios
1179 1156 1487 1220 frumenti
1533 1158 1819 1240 pinseret
1830 1154 1870 1239 ⁵,
1917 1156 1998 1220 ad
2044 1157 2144 1220 ius
2184 1155 2334 1232 Qui-

292 1247 517 1311 ritium
564 1243 955 1332 perueni}at⁶
1215 1269 1304 1309 vv.
1340 1254 1512 1309 1—-3
1796 1243 1803 1323 Ι
1872 1246 1964 1310 35.
1995 1245 2333 1311 Praeterea

280 1341 552 1419 possunt
597 1335 871 1399 maiores
918 1334 1191 1420 triginta
1238 1354 1551 1399 annorum
1588 1335 1968 1399 manumissi
2015 1339 2080 1400 et
2113 1334 2332 1400 Latini

440 1511 492 1577 1)
534 1508 900 1565 ‘Goeschenas
952 1510 1169 1578 quidem
1204 1512 1431 1565 initium
1476 1511 1643 1565 huius
1693 1513 1751 1576 §i
1802 1511 1885 1566 ita
1938 1512 2332 1566 restituendam

291 1583 532 1636 censuit.-
572 1580 733 1650 “leye
768 1582 927 1635 Iulia
962 1588 1186 1636 cautam
1222 1589 1325 1648 est,
1380 1590 1442 1636 at
1479 1582 1749 1648 LatinuS,
1803 1584 1856 1636 si
1899 1583 1962 1635 in
1998 1583 2331 1652 perficiendo

293 1651 551 1707 aedificio
590 1652 799 1706 Romae
834 1668 949 1705 11011
986 1653 1217 1707 minus''
1257 1658 1350 1707 etc.
1382 1670 1447 1708 ex
1474 1653 1609 1723 Diy.
1631 1658 1717 1720 50,
1750 1659 1834 1716 16,
1857 1659 1955 1706 137
1988 1654 2070 1722 (U
2073 1656 2145 1722 lp.
2177 1655 2267 1709 lib.
2301 1659 2330 1706 7

292 1725 368 1778 ud
406 1725 440 1777 l.
482 1723 592 1778 Iul.
635 1731 682 1777 et
722 1724 904 1793 Pap).
980 1730 1154 1779 cetera
1199 1731 1332 1778 tunc
1377 1726 1612 1795 eyreyie;
1656 1725 1751 1779 sed
1788 1725 1853 1779 de
1891 1726 1999 1795 leye
2044 1726 2201 1780 Iulia
2235 1742 2334 1780 nec

291 1801 555 1865 apparet,
601 1812 713 1863 qua
767 1796 983 1849 ratione
1028 1813 1095 1849 ea
1131 1796 1197 1849 de
1232 1796 1332 1850 hoc
1367 1798 1706 1850 Latinorum
1760 1797 2030 1863 beneficio,
2086 1799 2185 1865 qai
2216 1804 2333 1851 tam

290 1867 540 1922 nondum
577 1873 754 1931 erant,
791 1867 1085 1935 quicquam
1120 1874 1345 1922 cantum
1382 1884 1489 1922 esse
1520 1870 1779 1936 potuerit,
1817 1874 1868 1922 et
1901 1868 2034 1938 Diy.
2068 1874 2152 1934 24,
2183 1873 2232 1934 3,
2263 1874 2331 1923 64

295 1940 530 1994 maxime
568 1943 598 2003 ξ
641 1942 669 1990 7
711 1938 964 2003 ostendit,
1018 1939 1155 2007 quid
1191 1941 1254 1992 in
1308 1956 1482 1993 cansa
1534 1940 1721 2005 fuerit,
1776 1946 1841 1994 ut
1903 1939 2182 2007 Ulpianus
2234 1940 2334 1994 hoc

292 2011 433 2065 libro
471 2009 537 2064 de
574 2009 783 2063 llbertis
828 2010 1104 2064 dotalibus
1139 2011 1369 2065 Latinis
1413 2012 1498 2064 vel
1539 2011 1688 2077 facto
1734 2012 1926 2064 mariti
1959 2011 2042 2064 vel
2076 2027 2175 2064 sno
2211 2013 2332 2066 iure

291 2084 565 2137 civitatem
611 2081 826 2150 adeptis
861 2089 1161 2149 exponeret.
1227 2089 1515 2150 praeterea
1551 2099 1674 2136 cam
1715 2081 1896 2136 Gaius
1931 2082 2176 2136 ordinem
2202 2088 2329 2137 tem-

284 2156 442 2222 poris
477 2159 693 2207 secutus
729 2168 837 2206 esse
870 2152 1150 2219 videatur,
1205 2170 1319 2207 non
1357 2154 1545 2208 dubito
1583 2170 1650 2207 ex
1693 2154 1864 2207 Tacit.
1904 2154 1973 2208 A.
2017 2158 2101 2218 15,
2132 2158 2199 2206 43
2255 2154 2332 2207 ad

292 2244 342 2279 a.
385 2229 470 2278 65.
550 2222 823 2278 “addidit
849 2226 1105 2292 praemia
1133 2240 1242 2293 pro
1279 2227 1539 2293 cuiusque
1584 2225 1776 2279 ordine
1821 2231 1873 2279 et
1905 2227 1988 2279 rei
2029 2225 2333 2291 familiaris

292 2295 513 2366 copiis’2
555 2296 799 2349 Neronis
834 2295 1007 2348 edicto
1054 2296 1153 2350 hoc
1199 2296 1512 2363 beneficium
1559 2297 1877 2350 adscribere.
1953 2313 2085 2349 nam
2134 2297 2330 2365 Vespa-

289 2370 488 2422 sianus
552 2368 673 2421 alia
725 2368 931 2421 sanxit.
1008 2366 1152 2421 Suet.
1204 2368 1354 2436 Vesp.
1397 2372 1444 2420 8.
1513 2368 1634 2421 Lex
1689 2367 1853 2421 Flav.
1896 2369 2038 2422 Mal.
2081 2374 2163 2421 62.
2238 2368 2331 2422 sed

259 2436 271 2446 ’
291 2446 342 2494 et
375 2444 603 2494 senat-us
647 2454 746 2492 nec
789 2438 1013 2491 Tacitus
1056 2441 1303 2494 meminit
1338 2456 1437 2492 nec
1481 2442 1598 2493 eins
1634 2445 1828 2507 partes
1871 2441 1935 2493 in
1969 2456 2027 2493 re
2074 2440 2182 2510 leye
2217 2456 2332 2494 non

288 2511 591 2566 constituta
625 2508 871 2564 solebant
905 2509 1052 2563 esse'.
1110 2511 1241 2564 haec
1268 2511 1408 2576 Ha„
1435 2513 1534 2578 qni
1563 2510 1957 2564 ‘constitutum
1995 2512 2083 2564 est
2118 2509 2326 2565 edicto’

291 2585 354 2637 in
391 2588 548 2637 textu
588 2586 868 2649 posuerat.
945 2580 1131 2634 edicto
1185 2587 1250 2635 ut
1294 2599 1503 2650 parum
1553 2589 1756 2636 certum
1810 2582 2114 2636 delevimus.

291 2656 344 2723 2)
381 2669 495 2723 quo
533 2652 600 2707 V.
640 2668 753 2719 qua
798 2651 954 2706 stud.
967 2672 988 2719 ,·
1023 2653 1115 2706 sed
1158 2653 1338 2707 Gaias
1382 2654 1557 2708 dicere
1609 2653 1741 2708 solet
1785 2654 2091 2722 impendere
2126 2654 2190 2706 in
2227 2655 2330 2707 ali-

289 2725 439 2795 quid.
590 2725 643 2793 3)
682 2722 850 2776 diuus
888 2721 1165 2777 Traianus
1201 2724 1319 2778 Ha.
1467 2728 1521 2794 4)
1561 2725 1713 2794 quod
1749 2724 1810 2777 111
1840 2724 1957 2777 Ha.
2008 2724 2068 2776 in
2123 2741 2233 2793 quo
2270 2725 2332 2777 in

290 2798 448 2853 Stud.
462 2817 484 2862 ,·
521 2795 615 2850 sed
651 2797 833 2864 ipsum
863 2796 1170 2863 pistrinum
1205 2803 1282 2850 est
1317 2799 1688 2850 centenarium
1730 2796 1849 2864 (Fr.
1883 2795 2003 2849 Vat.
2031 2798 2153 2864 233)
2182 2802 2234 2850 et
2260 2796 2328 2864 cf.

288 2876 458 2924 antea
496 2882 675 2936 eaque
712 2865 876 2919 nauis
908 2907 918 2918 .
953 2908 962 2918 .
998 2909 1008 2919 .
1040 2866 1370 2935 portauerit.
1517 2870 1571 2935 ὅ)
1609 2868 1679 2932 cf.
1720 2883 1907 2937 apoyr.
1946 2869 2166 2935 eiusque
2199 2884 2331 2935 sup-

280 2941 634 3009 plementum.
785 2939 837 3007 6)
876 2937 944 3003 cf.
986 2939 1285 3008 apoyraph.
1336 2945 1387 2993 et
1438 2939 1699 3007 supplem.
1765 2938 1982 2993 videtur
2032 2938 2212 2993 Gaius
2267 2941 2330 2993 in

291 3027 368 3066 vv.
406 3014 544 3063 1-3
592 3011 704 3076 fere
755 3008 960 3063 dixisse
1006 3026 1075 3063 ex
1119 3010 1260 3065 Soto
1315 3011 1592 3064 mulierem
1639 3009 1909 3064 Latinam
1955 3017 2035 3064 ter
2089 3011 2330 3078 enixam,

291 3084 548 3150 beneficio
592 3081 905 3149 principali
948 3096 1132 3135 omnes
1168 3081 1407 3135 Latinos
1460 3082 1552 3136 ius
1591 3082 1690 3152 Qu.
1730 3081 1995 3148 consequi
2042 3098 2201 3150 posse
2238 3083 2327 3150 (cf.

302 3156 424 3223 Ulp.
466 3159 517 3220 3,
549 3158 606 3219 13
636 3154 708 3222 2),
746 3151 943 3205 deinde
971 3152 1047 3205 ad
1084 3153 1444 3218 iterationem,
1473 3170 1583 3221 qua
1612 3155 1727 3223 ipse
1744 3158 2024 3222 patronus
2048 3153 2149 3207 hoe
2176 3152 2330 3208 bene·

288 3227 478 3293 ficium
513 3225 728 3290 tribuit,
766 3224 1069 3278 transiisse.

432 3370 465 3431 ξ
504 3369 592 3419 33.
640 3364 709 3431 cf.
742 3365 867 3434 Ulp.
890 3371 941 3433 3,
972 3371 1018 3418 1.
1079 3366 1153 3419 D.
1177 3370 1262 3432 50,
1296 3371 1381 3433 16,
1413 3371 1515 3419 139
1555 3366 1708 3435 (Ulp.
1732 3368 1909 3436 2012).
1984 3366 2156 3421 Tacit.
2195 3384 2328 3421 ann.

292 3442 374 3504 15,
405 3442 491 3490 43.
562 3436 708 3491 Suet.
759 3437 913 3505 Vesp.
953 3440 1002 3492 8.

431 3513 465 3575 g
504 3512 589 3560 34.
637 3507 707 3573 cf.
760 3508 881 3577 Ulp.
922 3512 972 3574 3,
1003 3514 1051 3562 1.
1117 3509 1218 3563 Fr.
1268 3507 1393 3563 Vat.
1434 3513 1554 3562 233.
1597 3513 1699 3563 235
1757 3508 1913 3578 (mp.
1955 3514 2110 3563 2133.
2151 3512 2328 3579 2135).

431 3583 463 3646 g
503 3583 588 3633 35.
637 3579 706 3646 cf.
755 3578 880 3648 Ulp.
921 3584 970 3645 s,
1001 3585 1049 3633 4.
1094 3585 1140 3645 1,
1173 3585 1256 3634 12.
1317 3579 1417 3633 Fr.
1469 3580 1590 3635 Vat.
1631 3586 1732 3634 221
1775 3581 1929 3650 (Uip.
1970 3583 2147 3651 2129).
2218 3581 2334 3635 Gai·
