2650 3917
911 157 969 213 C.
1006 157 1265 212 AELIVS
1304 157 1603 216 GALLVS.
2184 159 2270 222 41.

238 322 327 387 sit
373 322 648 407 aliquid,
694 321 867 407 quod
925 322 1016 387 ibi
1075 322 1324 387 homini
1378 322 1589 386 faeere
1644 343 1773 387 non
1827 322 2046 405 liceat,
2103 322 2277 406 quod

239 410 292 475 si
341 410 557 495 faeiat,
604 410 912 477 aduersus
958 412 1222 478 deorum
1267 411 1670 477 uoluntatem
1715 412 2012 476 uideatur
2046 411 2274 477 faeere.

240 501 540 566 similiter
604 500 682 564 de
745 522 932 566 muro
998 505 1062 565 et
1127 500 1422 585 sepulcro
1489 501 1718 566 debere
1784 502 2138 584 obseruari,
2202 505 2276 565 ut

238 589 461 654 eadem
507 593 571 654 et
630 610 810 655 saera
873 593 939 654 et
998 593 1219 656 saneta
1275 594 1340 654 et
1398 590 1705 675 religiosa
1761 592 1940 670 fiant,
2005 592 2117 655 sed
2163 588 2270 654 eo¹

238 678 459 759 modo,
544 676 710 763 quo²
792 700 988 762 supra
1069 681 1433 763 expositum
1516 683 1642 763 est,
1715 702 1856 747 eum
1936 679 2013 744 de
2091 700 2274 744 sacro
2331 704 2355 745 5

239 767 539 833 diximus,
593 804 685 815 -—
746 769 912 834 Fest.
958 791 1013 835 v.
1057 769 1387 851 reliyiosus
1428 790 1498 851 Ρ.
1536 768 1686 834 278.
1767 770 1845 850 cf.
1890 791 1945 834 v.
1988 775 2276 834 sanctwm

226 878 279 939 Ρ
371 946 458 1011 16.
506 945 1035 1031 Remaneipatam
1066 943 1286 1011 Gallus
1316 946 1539 1011 Aelius
1578 968 1717 1011 esse
1755 947 1863 1030 ait,
1901 968 2064 1031 quae
2100 968 2277 1011 man·

237 1035 454 1120 cipata
502 1037 589 1100 sit
635 1034 716 1100 ab
755 1056 852 1120 6ο,
880 1032 1000 1101 'eui
1046 1036 1114 1100 in
1158 1057 1422 1100 manum
1470 1037 1857 1101 conuenerit.
1894 1074 1983 1082 —
2018 1036 2183 1101 Fest.
2222 1058 2274 1100 v.

235 1126 737 1206 remancipatam
767 1146 840 1207 Ρ.
876 1124 1027 1189 277.
2306 1151 2359 1191 10

373 1213 460 1279 17.
507 1212 736 1298 Itaque
783 1211 1004 1279 Gallus
1059 1212 1286 1282 Aelius
1342 1215 1459 1279 ait:
1527 1211 1725 1278 ‘Inter
1784 1213 1994 1300 legem
2060 1217 2125 1279 et
2177 1235 2278 1278 ro-

238 1303 568 1388 gationem
613 1302 739 1367 hoe
797 1303 1091 1389 interest:
1146 1305 1403 1390 rogatio
1460 1307 1558 1368 est
1611 1325 1815 1389 genus
1868 1303 2058 1388 legis3
2115 1325 2277 1387 quae

236 1392 369 1476 lex,
434 1414 571 1459 non
634 1393 939 1458 continuo
989 1414 1064 1456 ea
1108 1393 1362 1478 rogatio
1412 1396 1533 1476 est3
1597 1413 1757 1475 qaae
1815 1394 2082 1475 royatio‚
2145 1414 2279 1457 non

235 1484 455 1565 potest
512 1503 648 1546 non
707 1503 844 1547 esse
901 1480 1036 1566 1611,
1096 1483 1150 1546 si
1209 1482 1402 1547 modo
1463 1482 1652 1546 iustis
1713 1482 1993 1548 comitiis
2052 1485 2280 1568 rogata

237 1571 376 1635 est’.
427 1606 514 1617 -—
560 1570 824 1636 Fest.'v.
869 1573 1111 1654 royatio
1144 1592 1213 1653 Ρ.
1251 1570 1401 1636 266.
1589 1587 1593 1592 ·
2306 1596 2359 1636 15

372 1659 460 1726 18.
509 1657 734 1726 Gallus
761 1658 987 1725 Aelius
1017 1661 1107 1725 ait
1136 1682 1388 1726 sacrum
1422 1682 1579 1743 esse,
1611 1660 2038 1745 quodcunque
2066 1657 2281 1725 more3

237 1752 434 1833 atque
494 1748 794 1814 instituto
859 1749 1143 1815 ciuitatis
1209 1752 1652 1815 consecratum
1717 1750 1827 1828 sit,
1892 1750 2029 1814 siue
2103 1749 2279 1814 aedis

238 1839 377 1902 siue
444 1860 557 1903 ara
621 1839 759 1903 siue
825 1839 1083 1925 signum
1141 1839 1276 1904 siue
1340 1836 1559 1903 locus⁴
1614 1838 1751 1902 siue
1805 1838 2079 1921 pecunia
2141 1839 2279 1903 siue

239 1927 398 2011 quid
447 1926 643 2011 aliud,
691 1928 863 2011 quod
902 1928 1001 1993 dis
1048 1928 1410 1993 dedicatum
1457 1932 1650 2013 atque
1696 1932 2138 1992 consecratum
2177 1928 2277 1992 sit.

241 2013 481 2100 quom⁵
537 2019 751 2082 autem
815 2016 1098 2102 priuati⁶
1162 2039 1313 2081 suae
1378 2017 1715 2103 religionis
1780 2039 1970 2082 eausa
2033 2016 2280 2101 aliquid
2307 2042 2361 2082 πο

239 2126 461 2171 earum
506 2126 721 2170 rerum
761 2106 879 2171 deo
928 2107 1241 2190 dedicent,
1283 2107 1353 2172 id
1396 2107 1738 2192 pontifices
1775 2105 2101 2172 Romanos
2149 2126 2280 2170 non

238 2194 611 2259 existimare
667 2217 936 2261 sacrum.
1029 2200 1096 2261 at
1143 2196 1198 2259 si
1246 2218 1375 2280 qua
1430 2217 1610 2261 saera
1663 2196 1920 2281 priuata
1976 2199 2282 2279 succepta

240 2288 410 2368 sunt,
459 2305 625 2369 quae
673 2306 750 2349 ex
795 2284 1097 2350 instituto
1145 2285 1528 2368 pontificum
1577 2288 1748 2349 stato
1797 2285 1899 2349 die
1946 2288 2059 2350 aut
2103 2289 2277 2350 certo

237 2373 381 2440 loeo
439 2373 734 2439 facienda
778 2374 934 2458 sint,
994 2396 1068 2439 ea
1114 2395 1293 2439 saera
1340 2373 1652 2458 appellari
1715 2378 2044 2458 tamquam
2092 2375 2279 2439 saeri-

239 2463 487 2548 fieium3
533 2462 646 2527 ille
688 2464 891 2546 loeus,
936 2462 1049 2528 ubi
1096 2486 1171 2529 ea
1218 2485 1400 2529 saera
1456 2464 1716 2548 priuata
1768 2463 2057 2529 facienda
2111 2466 2281 2546 sunt,
2307 2487 2359 2528 25

240 2553 349 2618 uix
395 2552 659 2617 uidetur
704 2574 881 2617 sacer
927 2574 1082 2618 esse.
1138 2590 1226 2599 —
1279 2553 1445 2619 Fest.
1481 2575 1536 2619 v.
1584 2552 1775 2619 Sacer
1818 2573 1998 2619 mons
2029 2574 2099 2635 Ρ.
2129 2552 2278 2616 319.

371 2640 460 2706 19.
511 2638 787 2706 Senatus
836 2642 1160 2708 decretum
1207 2664 1245 2705 a
1302 2642 1598 2708 consulto
1645 2641 1869 2708 Aelius
1919 2640 2140 2707 Gallus
2188 2641 2280 2706 sie

241 2730 606 2816 distinguit,
652 2734 728 2794 ut
771 2730 840 2796 id
885 2730 1056 2795 dieat
1098 2732 1485 2817 particulam
1548 2732 1868 2815 quandam
1916 2753 2055 2796 esse
2101 2753 2277 2795 sena-

239 2823 345 2886 tus
393 2819 695 2904 consulti,
739 2822 815 2884 ut
860 2842 1006 2885 eum
1052 2821 1395 2906 prouincia
1439 2821 1632 2886 alicui
1679 2822 2059 2904 decernitur,
2106 2820 2277 2903 quod

238 2912 456 2975 tamen
498 2909 715 2994 ipsum
770 2914 1031 2974 senatus
1078 2911 1361 2975 consulti
1420 2915 1533 2975 est.
1582 2949 1668 2956 ——
1714 2911 1879 2976 Fest.
1926 2932 1979 2974 v.
2026 2916 2280 2974 senatus
2305 2934 2359 2975 so

238 2999 547 3065 deo-raum
579 3019 649 3081 Ρ.
688 2997 839 3063 339.

373 3087 470 3153 20.
518 3085 976 3171 ‘Sepulchrum
1023 3088 1162 3171 est’,
1218 3092 1291 3151 ut
1348 3088 1439 3152 ait
1496 3087 1717 3153 Gallus
1763 3086 2014 3168 Aelius,
2062 3087 2277 3172 (Ζοοαε,

240 3179 308 3243 in
370 3199 491 3262 quo
555 3180 851 3241 mortuus
919 3177 1211 3262 sepultus
1277 3180 1402 3260 est,
1478 3178 1651 3261 quod
1715 3176 1963 3259 antiqui
2035 3177 2280 3243 bustum

380 3411 433 3478 1)
472 3424 587 3476 quo
624 3407 741 3463 cod.
890 3408 944 3476 2)
980 3405 1133 3474 quod
1169 3406 1283 3460 eod.
1406 3407 1459 3473 3)
1497 3406 1872 3475 quodcunque
1906 3423 2061 3460 more
2098 3409 2277 3461 Lach-

244 3495 424 3535 mann.
478 3493 819 3548 quoeunque
854 3476 1023 3532 modo
1059 3478 1176 3533 eod.
1321 3479 1376 3546 4)
1411 3476 1598 3531 locum
1634 3477 1750 3533 eod.
1884 3481 1938 3548 ὅ)
1973 3477 2126 3545 quod
2161 3478 2276 3533 eod.

249 3551 296 3619 6)
328 3551 571 3620 priuatis
606 3550 723 3606 cod.
