2650 3917
1309 780 1393 847 IL

408 940 816 1008 VLPIANI
849 941 1478 1009 INSTITVTION
1480 942 1628 1009 VM
1671 941 2301 1010 FRAGMENTA.

1309 1097 1371 1151 A

619 1209 1224 1277 FRAGMENTA
1282 1210 2080 1277 VINDOBONENSIA.

782 1333 1103 1389 EDITOR
1115 1335 1239 1389 VM
1272 1332 1918 1389 PRAEMONITVM.

464 1442 657 1506 Anno
737 1442 908 1508 1835
975 1441 1341 1526 Stephanus
1404 1442 1757 1508 Endlicher
1830 1443 1899 1506 in
1971 1442 2374 1507 bibliotheca.

329 1530 838 1615 Vindobonensi‚
877 1533 982 1595 cui
1025 1536 1163 1596 tum
1201 1538 1513 1617 praeerat,
1549 1532 1817 1597 lacinias
1848 1533 2371 1598 membranaceas

330 1620 604 1706 invenit,
669 1622 738 1685 in
798 1621 1031 1705 quibus
1105 1623 1469 1708 fragmenta
1541 1620 2037 1686 Institutionum
2095 1620 2370 1704 Ulpiani

330 1731 489 1775 saec.
520 1710 599 1775 V.
636 1716 749 1775 aut
787 1708 895 1774 VI.
936 1711 1180 1795 scripta
1227 1715 1430 1790 erant,
1477 1732 1553 1775 ac
1598 1709 1847 1795 primus
1894 1710 2097 1774 edidit
2137 1709 2368 1775 eodem

330 1821 517 1864 anno.
564 1803 717 1883 post
743 1823 891 1865 eum
919 1799 1293 1865 Theodorus
1321 1800 1684 1864 Mommsen
1712 1803 1777 1863 et
1806 1798 2044 1864 Paulus
2075 1799 2371 1885 Krueger

330 1910 434 1954 eas
478 1889 689 1954 denuo
736 1891 1265 1954 examinaverunt
1302 1893 1366 1952 et
1405 1888 1759 1973 ediderunt,
1797 1888 1907 1953 ille
1951 1890 2022 1953 in
2058 1887 2367 1954 Zeitschr.

329 1977 371 2041 f.
447 1978 659 2063 gesch.
738 1978 1427 2043 Rechtswissenschaft
1497 1977 1639 2061 XV,
1726 1977 1927 2062 1850,
2009 1977 2367 2043 372—382

330 2065 444 2154 (τε
472 2066 517 2130 J
519 2090 611 2131 ur.
652 2066 981 2133 Schriften
1023 2066 1110 2152 II,
1145 2065 1470 2153 56—63),
1533 2067 1640 2131 hic
1702 2066 1769 2130 in
1835 2067 2163 2132 Kritische
2209 2066 2371 2132 Ver-

330 2156 525 2221 suche
564 2157 655 2221 im
687 2154 952 2222 Gebiete
990 2157 1100 2222 des
1147 2157 1516 2222 r6mischen
1545 2155 1803 2236 Rechts,
1849 2155 2139 2221 Berolini
2174 2156 2367 2240 1870,

326 2268 387 2330 p.
409 2245 776 2310 140—172.
830 2246 1102 2310 laciniae
1129 2250 1259 2310 tres
1287 2247 1565 2311 maiores
1602 2251 1752 2310 sunt
1778 2245 2059 2310 frustula
2087 2246 2365 2310 duorum

327 2335 634 2400 foliorum
679 2337 848 2399 inter
892 2357 961 2400 se
1008 2335 1509 2420 cohaerentium,
1562 2356 1837 2419 quorum
1884 2335 2151 2400 inferior
2194 2356 2368 2419 pars,

326 2424 395 2487 in
434 2429 564 2489 tres
612 2423 879 2491 schedas
928 2425 1219 2511 dissecta,
1265 2426 1602 2489 continens
1651 2429 1919 2489 octonos
1964 2445 2188 2490 versus
2236 2445 2367 2489 ser·

328 2517 480 2578 vata
526 2519 641 2578 est.
731 2518 1062 2597 praeterea
1117 2515 1244 2579 tria
1296 2513 1579 2579 frustula
1633 2513 1804 2578 inter
1849 2535 1916 2579 se
1961 2535 2094 2578 non
2141 2512 2367 2579 cohae-

328 2602 539 2667 rentia
609 2608 889 2685 exstant,
968 2605 1151 2669 cuius
1226 2626 1429 2668 unum
1496 2606 1594 2669 est
1662 2624 1811 2687 pars
1868 2623 2167 2688 suprema
2220 2602 2366 2668 folii

328 2691 608 2756 alterius.
685 2693 811 2757 duo
848 2693 1017 2758 folia
1066 2694 1220 2759 olim
1267 2715 1400 2758 non
1437 2694 1745 2757 continuo
1784 2693 1876 2756 ita
1913 2714 1980 2758 se
2017 2693 2366 2776 excepisse,

325 2785 402 2846 ut
448 2781 750 2846 intimum
806 2783 1099 2848 fasciculi
1143 2805 1263 2867 par
1305 2782 1612 2847 foliorum
1657 2782 2004 2864 efficerent,
2042 2781 2154 2846 sed
2190 2782 2367 2847 inter

326 2891 403 2934 ea
447 2874 560 2934 aut
597 2870 723 2935 duo
761 2876 874 2935 aut
911 2876 1219 2955 quattuor
1255 2870 1415 2936 folia
1451 2871 1887 2936 intercessisse
1923 2870 2220 2956 Krueger
2263 2872 2365 2936 lu-

327 2960 617 3024 culenter
670 2960 1151 3024 demonstravit.
1255 2960 1578 3046 pertinere
1631 2961 1999 3046 fragmenta
2053 2960 2136 3024 ad
2178 2958 2368 3045 Ulpi-

326 3049 432 3112 ani
491 3046 937 3113 Institutiones
999 3055 1266 3134 apparet
1324 3053 1461 3114 tam
1522 3071 1600 3113 ex
1666 3048 1990 3114 schedulis
2054 3050 2233 3134 ipsiS,
2291 3050 2367 3113 in

309 3159 598 3221 ,quarum
654 3160 783 3202 una
841 3138 1083 3224 legitur
1128 3139 1613 3224 superscriptio:
1679 3156 1814 3203 Lm.
1851 3156 1930 3203 1¹¹·
1968 3156 2125 3203 ΠΜ).
2161 3154 2365 3220 ΙΝΒΤ.,

326 3248 520 3311 quam
550 3247 627 3290 ex
665 3226 921 3290 traditis
959 3227 1174 3291 verbis
1218 3229 1568 3313 fragmenti
1614 3228 1827 3313 primi,
1874 3249 2037 3311 quae
2090 3226 2366 3291 redeunt

324 3314 471 3400 Dig.
500 3315 606 3398 43,
621 3314 729 3398 26,
752 3316 807 3379 1.
898 3338 1053 3379 num
1104 3317 1321 3380 omnia
1365 3316 1727 3402 fragmenta
1769 3317 1923 3382 libri
1969 3316 2164 3402 primi
2210 3318 2364 3401 nint,

323 3404 390 3465 in
440 3402 635 3468 dubio
683 3408 984 3468 remanet.
