2650 3917
913 153 1297 208 EDITORVM
1335 152 1763 210 PRAEFATIO.
2300 155 2353 209 V

316 322 566 398 Ulpiani
622 341 658 380 a
713 322 956 382 Lenelio
1011 343 1201 399 nuper
1262 323 1501 381 detecta
1556 342 1625 381 ac
1679 323 1904 399 publici
1960 325 2106 382 iuris
2169 325 2350 384 facta.

190 460 208 481 .
318 415 527 471 contra
576 414 938 472 removimus
977 412 1276 471 Ciceronis
1321 412 1507 471 libros
1544 415 1665 471 tres
1705 413 1776 471 de
1821 412 2080 491 legibuS,
2130 415 2349 490 quippe

319 503 426 577 qui
453 502 599 561 satis
631 502 933 561 commode
961 503 1244 580 legantur
1270 502 1335 559 in
1366 500 1665 560 Ciceronis
1695 521 1943 577 operum
1973 502 2351 577 editionibu8‚

318 590 788 649 emendatissimi
826 595 1059 650 exstent
1083 594 1148 649 in
1177 611 1248 650 ea
1280 590 1541 650 editione
1579 591 1886 668 singulari,
1927 610 2105 667 quam
2133 592 2349 651 Iohan-

318 698 421 738 nes
459 680 695 738 Vahlen
734 682 958 739 iterum
1005 683 1239 740 curavit
1275 680 1546 739 Berolini
1593 699 1643 737 a.
1686 681 1874 740 1883.
1968 699 2149 755 quam
2184 700 2350 757 repe-

314 770 441 828 tere
495 770 825 844 noluimus,
879 770 1234 844 praesertim
1287 789 1426 828 cum
1478 769 1575 827 illi
1627 768 1769 827 libri
1824 788 1943 828 non
1999 772 2126 828 tam
2174 771 2351 829 iuris-

317 859 725 934 prudentiam,
774 878 954 933 quam
989 859 1137 917 iuris
1177 858 1557 934 disciplinam
1596 877 1665 915 ex
1709 858 1926 917 intima
1970 859 2352 935 philosophia

317 948 710 1006 hauriendam
761 953 822 1007 et
864 950 1144 1006 naturam
1191 948 1341 1005 iuris
1396 948 1716 1024 legumque
1773 947 2211 1006 condendarum
2255 967 2350 1006 ra-

317 1038 510 1095 tiones
549 1036 912 1112 contineant,
947 1037 1449 1120 iurisprudentiae
1489 1040 1693 1094 autem
1721 1036 2077 1114 fragmenta,
2107 1056 2259 1111 quae
2287 1037 2353 1095 in

318 1128 394 1184 iis
440 1126 792 1201 traduntur,
839 1126 903 1184 in
957 1129 1227 1185 nostram
1281 1126 1692 1186 collectionem
1740 1127 1865 1184 suis
1910 1126 2058 1184 locis
2112 1128 2351 1201 recepta

320 1215 454 1274 sint.
529 1216 708 1292 longe
747 1215 840 1274 ab
860 1214 1249 1274 Huschkiana
1285 1216 1626 1273 recensione
1666 1215 1893 1273 recedit
1928 1234 1999 1274 ac
2035 1215 2157 1272 fere
2194 1233 2354 1273 nova

319 1309 411 1364 est
444 1309 653 1363 nostra
692 1305 877 1363 editio
914 1305 1210 1363 Notarum
1250 1302 1455 1377 Probi,
1506 1303 1676 1363 Assis
1714 1304 2155 1363 distributionis
2193 1304 2351 1363 Mae-

318 1394 503 1467 ciani,
538 1394 1035 1470 Fragmentorum
1071 1393 1407 1469 Papiniani.
1497 1396 1658 1452 recte
1693 1413 1885 1468 nuper
1928 1393 1993 1451 P
2032 1393 2095 1451 F.
2136 1391 2353 1451 Girard

320 1474 500 1563 (Ans
536 1484 891 1542 romischem
937 1483 1060 1541 und
1106 1483 1547 1585 burgerlichem
1582 1477 1814 1556 Recht',
1859 1482 2218 1541 Festschrift
2252 1484 2353 1541 fur

319 1572 469 1631 111.
508 1572 771 1646 Bekker,
813 1565 1014 1653 1907)
1076 1572 1281 1632 docuit
1334 1574 1399 1631 in
1455 1571 1696 1630 edendis
1751 1573 1909 1630 notis
1963 1572 2138 1645 iuris,
2195 1590 2351 1648 quae

318 1660 397 1719 ab
438 1661 757 1737 Anonymo
808 1662 1178 1720 Einsidlensi
1220 1661 1483 1720 traditae
1539 1664 1679 1721 sunt
1717 1653 1903 1741 (infra
1939 1679 2077 1738 pag.
2119 1662 2200 1719 89
2215 1652 2351 1741 sq)

322 1755 626 1825 praestare
665 1750 932 1809 ordinem
972 1750 1461 1825 alphabeticum
1444 1771 1508 1808 111
1542 1749 1742 1809 codice
1778 1749 2071 1808 traditum
2099 1768 2353 1823 servare,

325 1858 505 1914 quam
563 1838 836 1899 ordinem
888 1840 1428 1898 Mommsenianum
1483 1840 1667 1915 sequi
1758 1840 1869 1898 hoc
1935 1839 2182 1898 consilio
2237 1839 2355 1897 viri

319 1929 783 2003 praeclarissimi
819 1948 927 1988 nos
983 1948 1220 2003 quoque
1264 1930 1362 1987 usi
1416 1946 1698 2002 0330111113,
1738 1929 1790 1986 31
1827 1928 2170 1987 dissertatio
2207 1929 2352 2001 01113,

319 2021 646 2093 antequam
692 2021 898 2077 nostra
945 2018 1208 2077 recensio
1264 2016 1673 2094 perficeretur,
1726 2018 1954 2093 publici
1998 2018 2148 2076 iuris
2191 2017 2353 2075 facta

317 2111 487 2167 esset.
525 2109 591 2165 in
621 2105 736 2166 Gai
751 2106 1244 2168 Institutionibus
1272 2107 1493 2166 iterum
1521 2106 1760 2166 edendis
1786 2110 2014 2166 textum
2035 2107 2354 2184 diligenter

320 2198 809 2270 examinavimus,
828 2196 1074 2271 ‘aliquot
1100 2196 1247 2255 locis
1275 2198 1659 2268 mutavimuS,
1688 2198 1965 2255 notarum
1994 2199 2354 2271 apparatum

318 2286 415 2345 hic
459 2285 588 2344 illic
638 2285 701 2344 in
747 2287 1004 2344 formam
1057 2286 1364 2343 meliorem
1411 2303 1479 2343 ac
1534 2284 1945 2344 dilucidiorem
1997 2285 2353 2362 redegimuS,

318 2375 451 2434 loca
488 2374 840 2451 explicando
889 2376 1124 2438 auctori
1169 2374 1471 2433 destinata
1507 2392 1640 2432 011111
1688 2393 1758 2431 ex
1806 2375 1941 2432 aliis
1986 2375 2133 2433 iuris
2172 2375 2352 2432 fonti-

317 2464 447 2538 bus,
484 2468 618 2523 tum
646 2482 715 2523 ex
742 2465 942 2523 titulis
971 2467 1032 2522 et
1068 2465 1319 2539 papyris
1350 2482 1540 2537 nuper
1566 2464 1816 2538 repertis
1846 2463 2134 2523 auximus.
2202 2466 2352 2521 cete-

317 2574 451 2612 rum
487 2553 555 2611 in
583 2555 771 2614 totius
809 2554 1079 2631 syllogae
1104 2554 1311 2628 *specie
1351 2552 1642 2611 exteriore
1681 2552 2013 2611 ordinanda
2041 2552 2162 2610 fere
2201 2552 2355 2609 nihil

317 2643 715 2716 mutavimuS,
764 2646 1187 2719 praeterquam
1238 2641 1401 2717 quod
1450 2641 1515 2700 in
1559 2640 1809 2717 Ulpiani
1858 2641 2013 2700 libro
2064 2640 2354 2718 singulari

320 2732 548 2791 edendo
596 2734 772 2791 notas
824 2733 1063 2791 criticas
1102 2731 1178 2790 ab
1229 2733 1338 2804 113,
1391 2730 1607 2806 quibus
1658 2731 1791 2789 loca
1841 2730 2066 2790 similia
2111 2749 2180 2788 ex
2219 2730 2354 2789 aliis

315 2820 740 2897 scriptoribus,
794 2822 1073 2896 inprimis
1122 2840 1192 2879 ex
1240 2819 1356 2879 Gai
1401 2820 1890 2880 Institutionibus
1938 2820 2142 2878 adlata
2188 2822 2354 2893 sunt,

318 2911 702 2971 seiunximus.

450 2999 589 3059 Iam
628 2999 819 3078 igitur
868 2999 1025 3058 hunc
1075 2999 1296 3058 librum
1349 2998 1734 3071 dimittimus,
1784 2997 2084 3057 Huschkii
2123 2998 2356 3073 prolem

316 3090 583 3167 genitori
619 3107 809 3164 usque
849 3088 924 3147 ad
977 3107 1320 3165 supremum
1366 3090 1530 3147 vitae
1568 3106 1709 3147 suae
1757 3087 1916 3146 diem
1952 3087 2127 3145 valde
2174 3087 2354 3145 dilec-

320 3181 473 3255 tam,
521 3179 833 3237 alumnum
876 3182 1118 3238 nostrae
1173 3196 1349 3237 curae
1396 3198 1433 3237 a
1477 3176 1807 3253 bibliopola
1861 3176 2355 3250 commendatum,

322 3286 497 3344 quem
533 3267 795 3327 libenter
827 3270 892 3326 in
931 3269 1066 3326 sinu
1103 3271 1307 3327 nostro
1351 3267 1682 3342 recepimus
1695 3312 1709 3340 ,
1757 3285 1987 3341 semper
2020 3267 2084 3323 in
2131 3266 2354 3325 honore

320 3357 658 3430 habuimuS,
693 3356 952 3416 fideliter
989 3356 1433 3416 custodivimus,
1516 3354 1769 3431 prodeat
1806 3354 2021 3428 denuo,
2059 3356 2355 3430 apparatu

320 3451 384 3505 et
415 3449 638 3507 ornatu
675 3465 832 3506 novo
868 3447 1216 3519 insu-uetus,
1254 3447 1315 3503 et
1351 3445 1445 3504 his
1482 3446 1857 3503 vestimentis
1893 3444 2227 3504 recentibus
2263 3444 2355 3501 in·

322 3535 502 3596 dutus
539 3535 760 3595 iterum
800 3539 1008 3612 gratus
1046 3536 1441 3610 acceptusque
1478 3534 1683 3593 veniat
1713 3543 1842 3592 tam
1880 3531 2356 3591 adulescentibus
