2650 3917
398 133 526 189 XVI
614 131 962 186 HVSCHKH
997 131 1553 188 PRAEFATIONES
1591 133 1691 187 AD
1731 132 1844 187 ΕΙ).
1882 133 1961 188 IV
1997 133 2092 189 ET
2129 134 2197 192 V.

398 303 509 362 dae
559 301 838 362 editionis
887 303 1245 380 paginarum
1294 320 1602 376 numerus,
1650 302 1757 361 ubi
1807 303 2076 379 quaeque
2121 304 2429 381 inciperet,

398 393 539 451 huic
564 410 756 451 novae
781 392 847 448 in
874 392 1158 449 interiore
1187 389 1457 466 margine
1487 392 1655 451 uncis
1682 392 1948 452 inclusus
1977 392 2427 454 adscriberetur.

530 481 744 557 Itaque
782 481 1023 538 dimitto
1061 498 1237 555 opuS,
1273 481 1591 557 favorque,
1632 499 1750 556 quo
1786 483 2015 557 priores
2053 484 2180 541 eius
2218 483 2429 543 editio·

398 590 503 630 nes
541 572 820 646 exceptae
857 572 1013 644 sunt,
1051 571 1234 628 etiam
1269 570 1381 628 has
1417 572 1748 646 postremas
1785 589 1948 630 meas
1987 591 2158 632 curas
2197 575 2266 631 ut
2290 591 2427 648 pro·

398 662 698 736 sequatur,
738 662 799 719 et
835 662 978 736 opto
1015 661 1077 718 et
1113 677 1302 735 spero

533 784 653 845 Scr.
691 783 1096 843 Vratislaviae
1133 802 1336 843 mense
1375 782 1712 860 Septembri
1746 782 2285 862 MDOGGLXXIH.

604 1099 1030 1166 HVSCHKII
1075 1099 1198 1165 AD
1249 1099 1681 1176 QVARTAM
1730 1099 2227 1168 EDITIONEM

1154 1206 1672 1274 PRAEFATIO.

532 1341 705 1411 Quod
751 1358 859 1416 per
907 1340 1061 1397 hanc
1110 1340 1456 1415 provectam
1509 1342 1768 1398 aetatem
1812 1341 1940 1398 fore
1988 1360 2107 1399 non
2158 1359 2430 1416 sperave·

397 1449 546 1505 ram,
595 1430 711 1488 Dei
758 1429 1129 1506 benignitate
1180 1429 1409 1486 factum
1453 1431 1570 1502 est,
1609 1431 1678 1486 ut
1728 1431 1912 1487 etiam
1963 1432 2244 1505 quartum
2293 1429 2431 1488 huic

399 1520 664 1596 syllogae
704 1518 964 1578 edendae
994 1536 1129 1575 cum
1157 1519 1284 1576 vita
1319 1520 1452 1575 tnm
1489 1519 1646 1576 vires
1684 1521 2081 1595 suppeterent.
2148 1518 2276 1577 Nec
2305 1521 2431 1577 sine

398 1627 579 1668 causa
616 1610 832 1666 tertiae
871 1606 1148 1665 editionis
1185 1608 1251 1665 in
1288 1606 1468 1665 titulo
1509 1607 1876 1683 adscriptum
1923 1607 2182 1686 elogium
2221 1610 2431 1666 auctae

397 1702 459 1756 et
497 1696 844 1756 emendatae
892 1697 1075 1754 etiam
1111 1697 1175 1753 in
1221 1695 1335 1754 hac
1388 1699 1606 1770 quarta
1654 1699 1910 1755 retinere
1961 1697 2150 1756 licuit.
2246 1716 2430 1772 quan-

401 1805 580 1862 quam
630 1787 694 1843 id
743 1787 894 1858 iam,
944 1786 1259 1860 perpaucis
1312 1788 1374 1843 et
1437 1785 1766 1844 subitaneis
1815 1788 2052 1845 tantum
2103 1787 2167 1844 in
2220 1787 2431 1845 ceteris

397 1875 671 1952 partibus
709 1874 995 1951 exceptis,
1031 1876 1157 1934 fere
1189 1875 1391 1942 ,solum
1438 1875 1513 1933 ad
1561 1872 1697 1932 Gaii
1731 1874 2152 1934 Institutiones
2199 1878 2434 1952 spectat

396 1984 554 2023 nunc
605 1965 684 2023 ad
735 1962 1129 2023 Studemundi
1180 1963 1595 2040 apographum
1645 1967 1901 2042 exactaS‚
1952 1983 2073 2039 qua
2124 1965 2196 2023 de
2244 1984 2308 2024 re
2357 1965 2435 2024 ad

399 2073 499 2114 eas
546 2055 872 2130 separatim
916 2052 1283 2130 praemonui.
1378 2053 1621 2112 Mallem
1667 2072 1837 2128 sane,
1885 2054 2069 2111 etiam
2121 2057 2317 2113 cetera
2363 2057 2434 2112 ut

398 2146 569 2202 novis
626 2143 782 2202 curis
835 2144 1144 2219 perpetuis
1191 2142 1476 2200 adhibitis
1521 2142 1828 2200 limatiora
1873 2142 2183 2218 prodirent
2234 2145 2295 2201 et
2343 2145 2433 2201 ita

395 2233 650 2310 posteris
704 2231 1100 2291 traderentur.
1193 2229 1310 2288 Sed
1367 2249 1465 2291 eas
1522 2249 1656 2290 cum
1711 2231 2150 2292 senescentibus
2204 2232 2432 2292 viribus

397 2322 736 2398 impendere
787 2339 908 2379 non
957 2322 1254 2397 potuerim
1271 2365 1286 2393 ,
1339 2320 1556 2379 solatio
1608 2323 1723 2396 est,
1777 2320 1937 2396 quod
1973 2322 2059 2380 sic
2101 2323 2196 2380 uti
2240 2320 2433 2380 adhuc

399 2429 551 2487 quae
597 2411 705 2470 edo
750 2411 1124 2469 infructuosa
1169 2428 1288 2468 non
1336 2410 1603 2483 fuerunt,
1652 2410 1855 2468 eadem
1904 2412 2089 2468 etiam
2125 2411 2190 2468 in
2234 2413 2433 2486 poste-

396 2520 535 2559 rum
580 2501 847 2575 aliquam
891 2500 1220 2558 utilitatem
1258 2498 1474 2557 habere
1519 2517 1691 2574 posse
1729 2498 2036 2575 videntur,
2086 2500 2272 2559 donec
2312 2519 2432 2559 me-

397 2588 644 2649 lioribus
682 2589 912 2647 cedant.

533 2714 654 2774 Ser.
693 2713 1096 2815 Vratislaviae
1132 2731 1331 2776 mense
1372 2710 1616 2773 Octobri
1653 2710 2250 2776 MDOGOLXXVHI.

620 2971 1046 3079 HvsoHKn
1091 3010 1212 3077 AD
1263 3010 1673 3088 QVINTAM
1717 3010 2216 3078 EDITIONEM

1157 3116 1670 3184 PRAEFATIO.

532 3253 752 3313 Evenit
799 3252 911 3311 Dei
957 3252 1181 3329 gratia,
1229 3250 1391 3326 quod
1441 3269 1749 3326 nunquam
1798 3268 2178 3327 speraveram
2226 3253 2312 3324 et,
2362 3253 2435 3308 ut

399 3343 533 3419 ipsa
557 3360 653 3401 res
680 3341 919 3417 clamat,
948 3342 1139 3400 multo
1167 3342 1366 3399 minus
1395 3341 1580 3399 etiam
1609 3359 1788 3415 quam
1815 3342 1881 3398 in
1909 3339 2174 3398 curanda
2213 3342 2433 3415 quarta

401 3431 679 3504 editione,
715 3432 839 3489 fore
879 3432 1207 3506 exspectari
1242 3431 1500 3506 poterat,
1537 3432 1608 3487 ut
1635 3429 1783 3489 adeo
1821 3431 2068 3505 quint-ae
2095 3428 2276 3489 huius
2308 3429 2435 3505 syl·

396 3521 571 3599 logae
607 3519 790 3579 editio
829 3537 865 3577 a
892 3538 987 3578 me
1025 3518 1462 3579 desideraretur
1499 3520 1670 3595 eique
1706 3537 1863 3577 nunc
1897 3519 2296 3594 praefandum
2331 3519 2433 3579 sit.
