2650 3917
592 133 694 193 AD
733 131 969 187 GAIVM
1005 132 1361 195 PRAEFAT.
1399 133 1745 188 HVSCHKH
1779 134 1893 188 ED.
1930 134 1970 188 Ι.
2176 133 2299 205 131

266 302 510 363 obscure
558 287 858 380 significat
914 302 1205 378 quaedam
1252 300 1367 360 Gai
1423 303 1647 379 scripta
1705 304 1828 362 iam
1873 307 2014 363 tunc
2070 322 2308 370 summo

266 392 467 451 studio
516 395 577 450 et
620 390 965 451 indubitata
1009 392 1369 451 auctoritate
1414 392 1653 452 recitari
1699 392 1882 452 solita
1926 411 2070 469 esse,
2116 411 2306 469 eaque

265 480 400 556 quis
447 478 690 539 dubitat
723 482 964 556 praeter
998 499 1096 551 res,
1140 481 1543 556 quotidianas,
1589 500 1743 556 quae
1788 485 1961 540 tanto
1998 484 2062 540 in
2106 484 2302 558 pretio

260 569 666 643 habebantur,
712 573 783 628 ut
829 588 1141 629 aureorum
1189 589 1406 629 nomen
1468 573 1789 641 mererent,
1854 571 2036 634 fuisse
2102 572 2302 643 omnia

259 656 660 721 scholastica?
722 658 882 734 quod
936 659 1119 717 etiam
1174 657 1433 718 Collatio
1489 658 1827 734 confirmat,
1882 659 2088 736 paullo
2144 664 2301 735 ante,

258 751 328 807 ut
365 748 627 821 videtur,
673 750 1023 825 composita,
1069 750 1237 807 cuius
1286 751 1495 807 auctor
1529 750 1688 808 inter
1731 748 1993 824 quinque
2037 749 2300 809 illustres
2400 752 2405 757 “

256 837 697 897 iureconsultos
745 838 929 895 etiam
980 834 1092 896 Gai
1139 837 1397 915 scriptis,
1445 837 1546 896 sed
1592 840 1796 897 tamen
1837 840 2077 896 tantum
2122 837 2300 901 Insti-

260 926 625 989 tutionibus
652 928 782 985 eius
828 943 971 986 usus
1018 928 1124 993 est.

440 1014 560 1074 Sed
603 1017 669 1075 in
714 1015 808 1075 his
862 1014 1039 1091 ipsis,
1095 1033 1243 1091 quas
1300 1016 1553 1092 edimuS,
1610 1018 1679 1073 ut
1723 1034 1880 1075 nunc
1934 1015 2144 1092 paullo
2188 1000 2301 1074 im-

256 1124 581 1177 moremur,
626 1106 756 1163 iure
803 1104 1022 1167 dixeris
1068 1105 1527 1181 praeclariorem
1574 1104 1645 1164 de
1691 1106 1824 1164 iure
1869 1105 2036 1163 civili
2079 1104 2301 1163 librum

257 1193 670 1255 discentium
656 1213 718 1252 111
763 1212 939 1253 11811111
984 1213 1292 1269 nunquam
1331 1195 1622 1270 scriptum
1657 1194 1862 1268 fuisse,
1900 1194 2026 1253 sive
2073 1193 2301 1253 dotium

260 1283 388 1343 eius
438 1282 851 1343 excellentiam
888 1285 1014 1343 sive
1051 1283 1367 1343 mirificam
1402 1284 1630 1342 fructus
1676 1283 2011 1342 ubertatem
2048 1287 2111 1342 et
2145 1283 2302 1343 fato.-

255 1394 392 1432 rum
448 1372 802 1433 felicitatem
858 1375 1105 1449 spectes.
1206 1372 1585 1433 Praestantia
1638 1372 1780 1431 libri
1834 1375 2152 1449 praecipue
2207 1373 2306 1439 his,

254 1462 435 1522 rebus
495 1463 887 1537 conspicitur:
954 1461 1114 1536 quod
1167 1481 1313 1537 non,
1378 1464 1448 1520 ut
1512 1463 1843 1537 superiores
1898 1461 2041 1520 libri
2098 1480 2300 1521 omnes

256 1570 444 1614 unam
490 1551 817 1611 alteramve
861 1552 1013 1610 iuris
1061 1550 1257 1612 civilis
1301 1553 1535 1626 partem
1548 1596 1565 1625 ,
1611 1550 1713 1609 sed
1757 1570 1992 1625 revera,
2037 1562 2110 1609 ut
2153 1550 2300 1610 Lac-

254 1642 490 1700 tantius
532 1641 590 1714 5,
621 1641 660 1698 4
699 1637 739 1715 ἓ
780 1641 816 1699 3
868 1659 904 1701 a
943 1640 1274 1716 quibusque
1310 1639 1800 1700 Institutionibus
1847 1642 2051 1718 exigit,
2091 1636 2300 1700 ‘totius

257 1729 570 1790 doctrinae
617 1728 1019 1788 substantiam
1065 1725 1374 1804 continet’,
1421 1732 1482 1788 et
1517 1731 1644 1788 eius
1684 1728 1923 1804 quidem
1962 1731 2134 1804 iuris,
2180 1748 2299 1805 quo

256 1821 391 1878 tum
435 1820 757 1894 imperium
801 1818 1139 1877 Romanum
1183 1818 1485 1893 utebatur,
1530 1818 1604 1877 de
1651 1836 1768 1893 quo
1814 1820 1938 1877 iam
1975 1817 2115 1893 dixi,
2163 1818 2301 1878 sub-

259 1910 550 1968 stantiam
595 1927 737 1967 vero
783 1909 872 1969 ita
929 1908 1271 1972 felicissime
1327 1907 1730 1982 enucleatam,
1774 1912 1844 1965 ut
1898 1907 2089 1968 adhuc
2133 1908 2300 1967 rudis

256 1999 478 2059 tironis
525 1999 761 2056 animus
798 2016 907 2057 nec
943 1999 1145 2056 ieiuna
1188 1997 1457 2056 exilitate
1503 1997 1916 2070 deterreretur,
1960 2015 2068 2055 nec
2105 1999 2299 2057 otiosa

263 2089 441 2164 copia
488 2089 601 2144 aut
647 2088 1067 2161 quaestionum
1114 2086 1449 2145 subtilitate
1497 2088 1557 2145 et
1601 2084 1957 2144 difficultate
2005 2087 2297 2161 opprime-

256 2179 440 2236 retur.
532 2174 765 2234 Deinde
822 2176 984 2251 quod
1037 2176 1192 2236 hanc
1244 2179 1442 2252 ipsam
1495 2174 1893 2234 substantiam
1948 2174 2300 2249 dispositam

256 2264 439 2324 habet
502 2282 623 2323 non
686 2264 861 2324 modo
925 2267 1063 2341 apte
1110 2267 1172 2324 et
1234 2264 1537 2324 commode
1601 2266 1870 2338 omnine,
1933 2264 2035 2322 sed
2086 2266 2181 2338 ut,
2242 2266 2299 2323 'si

259 2374 556 2414 summam
606 2355 867 2430 spectaS,
920 2353 1090 2424 nulla
1137 2355 1259 2412 alia
1306 2374 1377 2413 ex
1420 2373 1485 2412 re
1529 2355 1662 2429 ipsa
1707 2354 1900 2428 petita
1946 2353 2162 2411 divisio
2207 2356 2298 2417 inf

256 2445 453 2502 veniri
497 2460 672 2519 posse
716 2442 1020 2502 videatur:
1066 2442 1131 2501 id
1178 2443 1365 2518 quod,
1412 2462 1547 2502 cum
1591 2442 1851 2502 fontium
1894 2444 2048 2500 iuris
2093 2445 2157 2500 in
2204 2445 2297 2502 ius

257 2535 532 2611 gentium
579 2534 642 2591 et
674 2533 770 2591 ius
816 2533 993 2591 civile
1039 2532 1255 2591 divisio
1301 2535 1425 2590 iam
1468 2551 1537 2590 ex
1583 2534 1836 2606 antiqua
1880 2531 2093 2607 populi
2127 2531 2294 2589 Rom.

254 2621 736 2699 iurisprudentia
781 2624 1016 2681 retenta
1064 2623 1160 2696 sit,
1205 2623 1464 2682 maxime
1511 2619 1674 2680 cadit
1717 2623 1781 2678 in
1829 2620 2082 2678 alteram
2125 2620 2297 2681 illam

255 2715 317 2772 et
365 2712 545 2788 plane
592 2729 810 2770 novam
864 2712 1055 2786 ipsius
1100 2712 1249 2770 iuris
1305 2712 1532 2786 privati
1575 2711 1639 2768 in
1684 2711 1780 2769 ius
1837 2708 1998 2784 quod
2044 2709 2119 2768 ad
2164 2728 2296 2785 per-

254 2819 434 2861 sonas
483 2792 617 2881 (lib.
645 2793 725 2880 Ι),
772 2800 933 2875 quod
970 2799 1048 2859 ad
1082 2818 1177 2859 res
1217 2792 1350 2880 (lib.
1376 2799 1455 2858 Π.
1484 2792 1626 2880 ΙΠ),
1675 2801 1735 2857 et
1783 2798 1941 2873 quod
1988 2797 2062 2856 ad
2110 2800 2292 2858 actio-

254 2908 359 2950 nes
415 2891 686 2966 pertinet
739 2880 869 2970 (lib.
907 2882 1023 2971 IV)
1089 2888 1460 2948 divisionem.
1553 2888 1712 2946 Nam
1775 2905 1911 2946 cum
1975 2905 2148 2966 onue
2201 2890 2297 2945 ius

259 2982 572 3081 privatum
614 2980 841 3054 partim
884 2980 952 3037 in
997 2998 1058 3039 se
1103 2980 1235 3055 ipso
1274 2981 1335 3038 et
1378 2997 1486 3055 per
1523 2995 1584 3037 se
1630 2979 1916 3053 spectato,
1962 2978 2187 3053 partim
2230 2979 2297 3035 in

253 3071 413 3143 iure,
479 3085 618 3126 011111
669 3068 737 3125 111
799 3070 1265 3128 controversiam
1326 3071 1602 3139 vocatur,
1668 3066 1949 3126 adversus
2011 3067 2296 3124 iniuriam

254 3144 583 3218 obtinendo
650 3158 965 3232 consistat,
1027 3159 1345 3233 ipsumque
1398 3159 1492 3216 ius
1554 3174 1761 3214 rursus
1827 3158 1933 3214 aut
1994 3173 2295 3231 personaS,

256 3246 479 3323 quibus
526 3248 842 3322 competit,
894 3202 1202 3322 respiciat,
1257 3249 1366 3304 aut
1409 3264 1530 3320 res,
1578 3262 1730 3320 quae
1787 3247 2056 3320 personis
2109 3246 2293 3303 inser-

254 3339 449 3411 viunt,
498 3334 935 3413 apprehendat,
982 3335 1187 3417 addito
1234 3354 1302 3394 eo
1349 3337 1503 3409 iure,
1553 3333 1710 3411 quod
1766 3335 2029 3392 actiones
2085 3353 2292 3410 appre-

255 3425 467 3486 hendit
512 3424 746 3484 civibus
800 3425 1083 3500 privatis,
1140 3424 1355 3502 quibus
1410 3425 1694 3482 iniuriam
1746 3423 2121 3499 propulsent,
2175 3427 2293 3483 non

258 3519 452 3576 minus
493 3533 677 3591 quam
714 3512 952 3590 populis
988 3513 1133 3573 belli
1166 3515 1260 3572 ius
1300 3515 1719 3590 competenteS,
1753 3515 1877 3571 tres
1913 3512 2054 3571 illae
2091 3516 2293 3588 partes

1906 3610 1973 3664 9*
