2650 3917
365 158 490 223 138
688 159 788 213 AD
827 158 1062 214 GAIVM
1099 159 1454 215 PRAEFAT.
1491 160 1837 215 HVSCHKII
1872 161 1985 215 ED.
2023 162 2063 216 Ι.

356 331 490 386 tum
535 327 803 404 repetitis
845 328 1111 388 virorum
1147 328 1458 388 doctorum
1496 332 1656 389 curis
1704 330 1979 389 effectum
2017 332 2123 404 est,
2159 334 2228 389 ut
2267 330 2392 390 iam

254 447 261 454 ·
356 418 421 475 in
466 420 672 478 nostra
726 416 985 477 editione
1031 436 1150 477 non
1206 418 1462 477 multum
1516 419 1677 478 ultra
1730 419 2112 479 tredecimam
2155 422 2390 495 partem

355 507 578 585 integri
624 507 820 584 operis
867 506 1258 582 desideretur,
1305 508 1472 567 cuius
1531 510 1798 568 iacturae
1844 527 2030 584 paene
2076 507 2394 568 dimidium

357 598 590 671 spectat
635 595 711 655 ad
754 596 975 655 librum
1021 599 1317 673 quartum.

492 684 840 745 Editionum
884 685 1141 745 indicem
1187 686 1716 761 accuratissimum,
1763 686 1983 746 additis
2020 686 2202 746 etiam
2242 689 2392 746 alia-

353 793 489 832 rum
552 777 1120 834 commentationum
1182 775 1407 849 tituliS,
1473 794 1626 851 quae
1691 774 1768 834 ad
1831 776 2227 835 emendandas
2292 777 2391 835 vel

353 862 742 923 illustrandas
812 862 928 923 Gai
985 864 1400 924 Institutiones
1466 865 1723 940 faciunt,
1786 863 2186 942 Boeckingius
2253 884 2393 925 con-

355 953 499 1011 fecit
534 954 597 1010 in
644 953 1014 1029 praefatione
1053 971 1193 1013 suae
1232 953 1530 1028 editioniS,
1568 972 1688 1030 qua
1714 957 1807 1012 ter
1842 956 2100 1030 repetita
2129 946 2388 1035 (postre-

355 1061 518 1100 mum
563 1041 725 1119 Lips.
777 1034 979 1123 1855)
1025 1044 1154 1119 ipse
1200 1042 1272 1102 de
1319 1040 1471 1102 Gaio
1510 1045 1570 1102 et
1607 1040 1853 1102 Gaianis
1899 1042 2113 1103 studiis
2159 1045 2392 1119 optime

355 1131 602 1191 meritus
649 1134 754 1192 est.
846 1129 1010 1200 Quae
1055 1134 1194 1208 post
1236 1133 1404 1206 hanc,
1440 1132 1567 1191 sola
1611 1132 1867 1208 prodiit,
1913 1133 2140 1191 inserta
2186 1127 2392 1191 ‘Insti-

354 1222 658 1280 tutionum
712 1224 773 1280 et
835 1221 1178 1299 regularum
1239 1221 1388 1282 iuris
1443 1221 1612 1280 Rom.
1679 1217 2090 1299 syntagmati’,
2155 1240 2191 1280 a
2236 1221 2391 1282 Rud.

354 1306 565 1369 Gneist
609 1309 771 1387 Lips.
822 1310 993 1370 1858
1043 1308 1234 1386 edito,
1277 1329 1388 1386 pro
1444 1312 1632 1370 totius
1689 1312 2087 1389 syntagmatis
2153 1313 2392 1370 ratione

354 1401 662 1475 ceteroqui
732 1418 885 1459 novo
947 1417 1016 1458 ac
1080 1399 1353 1459 consulto
1416 1399 1664 1459 consilio
1736 1401 2031 1475 institufi,
2103 1401 2391 1460 lectiones

355 1487 545 1566 magis
594 1481 843 1569 (partim
885 1481 1067 1569 bene)
1124 1488 1372 1548 selectas
1427 1508 1608 1565 quam
1671 1507 1858 1549 novas
1923 1491 2206 1565 praestat.
2299 1489 2393 1547 Ex

356 1578 730 1653 superiorum
793 1577 1123 1637 editionum
1183 1597 1430 1637 numero
1493 1579 1616 1636 tres
1662 1576 2170 1653 Goeschenianae,
2236 1590 2393 1653 quae

355 1668 566 1726 ceteris
613 1667 904 1742 omnibuS,
950 1667 1169 1727 codicis
1209 1669 1506 1742 scriptura
1552 1667 1870 1745 diligenter
1916 1670 2180 1742 enotata,
2217 1671 2395 1742 quasi

353 1755 747 1816 fundamenta
817 1758 1032 1831 iecere,
1104 1755 1507 1834 segregandae
1581 1760 1747 1830 sun't,
1833 1759 2110 1834 princeps
2192 1756 2391 1816 Berol.

356 1863 406 1903 a.
451 1845 621 1905 1820
666 1845 993 1922 publicata,
1040 1846 1249 1920 altera,
1295 1863 1448 1923 quae
1493 1845 1929 1905 difficilioribus
1976 1845 2195 1905 codicis
2242 1846 2392 1906 locis

356 1953 392 1992 a
450 1933 730 1994 Bluhmio
796 1934 991 1995 denuo
1050 1937 1354 2011 inspectis,
1418 1936 1544 1994 eius
1610 1935 1841 1995 schedis
1905 1935 2100 1994 ditata
2162 1935 2395 2011 prodiit
2474 1976 2483 1991 .

355 2042 407 2082 a.
459 2025 649 2101 1824,
697 2027 757 2084 et
801 2026 1010 2097 tertia,
1063 2027 1201 2100 post
1249 2021 1578 2084 Goescheni
1634 2024 1867 2084 obitum
1922 2043 1959 2083 a
2003 2022 2391 2085 Lachmanno

355 2131 407 2171 a.
449 2114 618 2172 1842
669 2115 1092 2173 consummata.

486 2202 585 2260 Ad
627 2205 963 2279 postremae
1010 2221 1281 2262 normam
1326 2205 1533 2262 nostra
1578 2221 1812 2278 quoque
1860 2202 2046 2262 editio
2104 2204 2392 2263 instituta

354 2294 470 2365 est,
516 2294 606 2350 ita
649 2293 852 2351 tamen
897 2294 968 2350 ut
1013 2293 1195 2350 etiam
1241 2292 1724 2371 Boeckingianae
1783 2293 2171 2366 novissimae,
2233 2312 2391 2368 quae

353 2382 621 2440 omnium
663 2383 921 2440 maxime
967 2381 1316 2454 celebratur,
1363 2383 1520 2440 ratio
1576 2379 1909 2439 haberetur.
2000 2381 2127 2441 Nec
2183 2383 2390 2441 tamen

354 2472 582 2544 omnia,
655 2472 719 2528 in
784 2469 1001 2545 quibus
1067 2469 1142 2529 ab
1207 2470 1300 2529 his
1365 2469 1727 2529 editionibus
1791 2469 2258 2545 deflecteremus,
2325 2473 2390 2530 in

353 2561 512 2619 notis
556 2559 967 2618 indicavimus.
1064 2557 1318 2618 Chartae
1359 2559 1720 2634 parcendum
1757 2562 1901 2618 erat.
1992 2559 2205 2636 Itaque
2243 2559 2389 2619 levi·

352 2648 504 2723 cula,
543 2668 660 2724 quo
703 2649 767 2706 in
804 2666 1046 2706 numero
1084 2650 1340 2707 maxime
1378 2648 1456 2708 ad
1492 2648 1982 2726 orthographiam
2023 2649 2389 2724 pertinentia

352 2741 509 2812 sunt,
554 2740 738 2796 tacite
785 2738 1162 2811 correximus,
1208 2738 1304 2796 vel
1351 2737 1512 2813 quod
1546 2737 1610 2794 in
1655 2756 1720 2795 re
1766 2740 2078 2814 tantopere
2115 2738 2191 2797 ab
2231 2737 2388 2798 arbi·

352 2827 471 2885 trio
526 2826 816 2903 pendente
872 2826 1066 2885 dicere
1129 2829 1425 2903 praestat,
1488 2827 1870 2886 mutavimus.
1961 2826 2279 2887 Praeterea
2324 2829 2389 2886 in

354 2919 638 2975 contextu
681 2915 900 2975 litteris
946 2915 1123 2974 rectis
1170 2916 1582 2993 expressimus,
1628 2933 1786 2991 quae
1822 2917 1886 2974 in
1933 2915 2133 2975 codice
2180 2915 2387 2995 legun·

351 3007 468 3079 tur,
513 3004 837 3079 inclinatiS,
884 3023 1040 3080 quae
1087 3005 1368 3079 suppleta
1412 3004 1509 3065 vel
1563 3007 1799 3064 mutata
1846 3008 2002 3065 sunt.
2081 3004 2387 3065 Stellulae

351 3093 604 3153 totidem
649 3093 989 3171 significant
1032 3093 1295 3167 litteraS,
1340 3094 1562 3168 lineae,
1609 3094 1661 3152 si
1704 3093 2006 3154 breviores
2053 3096 2220 3169 sunt,
2266 3096 2388 3171 syl·

352 3182 521 3242 labas
566 3184 752 3242 trium
800 3184 921 3242 fere
966 3183 1324 3258 litterarum,
1370 3184 1670 3261 longiores
1718 3183 2074 3260 interposito
2121 3203 2175 3242 v.
2224 3186 2385 3243 totos

352 3291 583 3347 versus,
656 3273 763 3349 qui
827 3290 933 3331 nec
995 3272 1117 3349 legi
1180 3290 1288 3331 nec
1352 3273 1487 3333 tuto
1553 3271 1818 3348 suppleri
1880 3275 2224 3349 potuerunt.
2315 3272 2388 3332 In

351 3362 621 3441 margine
668 3362 954 3421 exteriore
999 3362 1253 3439 paginas
1298 3365 1538 3422 tantum
1582 3361 1878 3437 primitivi
1923 3361 2172 3439 codicis,
2236 3381 2388 3439 quae

353 3454 687 3526 supersunt,
732 3450 1207 3523 numeravimus3
1255 3451 1470 3526 quibus
1519 3449 1787 3509 additum
1827 3446 1892 3510 ‘t.
1922 3445 1991 3511 s.'
2031 3454 2266 3526 spectat
2311 3451 2389 3512 ad

349 3545 445 3600 ter
507 3542 760 3618 scriptas
825 3536 1222 3622 (Goeschenoz
1286 3540 1380 3599 bis
1442 3531 1808 3621 rescriptas).
1913 3541 2117 3599 Etiam
2187 3559 2388 3603 versus
