2650 3917
324 144 452 208 132
652 142 751 196 AD
791 143 1026 198 GAIVM
1060 141 1416 197 PRAEFAT.
1454 138 1800 194 HVSCHKII
1835 139 1947 194 ED.
1985 139 2027 194 I.

318 315 496 389 quasi
559 319 771 388 sponte
843 313 1187 370 nascuntur.
1202 303 1224 341 ¹
1314 310 1398 368 Et
1463 309 1743 369 similiter
1804 310 2076 383 ipsarum
2116 307 2353 365 harum

317 405 581 478 partium
638 401 1089 460 distributiones
1151 399 1421 458 mirabili
1482 397 1743 474 quodam
1803 417 2082 457 verorum
2146 397 2353 456 discri-

317 493 547 550 minum
588 505 769 550 sensu
814 492 1093 548 inventae
1132 491 1193 548 et
1230 506 1541 565 expressae
1579 489 1735 561 sunt,
1783 506 1901 562 qua
1939 486 2011 546 de
2048 505 2113 545 re
2150 486 2353 562 dispu-

316 585 447 640 tare
491 582 741 657 longum
777 581 837 638 et
875 578 949 637 ab
985 579 1099 638 hoc
1136 578 1267 637 loco
1314 579 1578 636 alienum
1622 579 1728 635 est.
1743 567 1768 606 ²
1856 575 2130 651 Denique
2169 572 2355 634 Gaius

317 672 382 729 in
438 671 806 745 expositione
852 671 1025 727 tanta
1079 669 1508 743 perspicuitate
1555 668 1615 725 et
1670 664 1905 723 dicendi
1962 662 2354 740 simplicitate

317 777 463 818 usus
529 761 645 832 est,
707 760 778 817 ut
821 756 1186 816 Herodotum
1239 758 1336 815 ius
1401 774 1644 813 narrare
1709 756 1976 830 opinere:
2043 772 2196 830 quae
2260 771 2355 812 res

319 866 456 908 cum
490 848 701 924 primis
737 848 1005 905 tironum
1041 847 1271 904 animos
1309 846 1502 904 allicit
1538 846 1599 903 et
1634 843 1909 902 delectat.
2003 840 2175 912 Quod
2210 861 2353 901 vero

319 937 732 1015 neglegentiae
778 938 840 994 in
892 934 1251 1011 quibusdam
1293 936 1601 992 incusatus
1649 935 1765 1008 est,
1808 934 2036 1008 partim
2089 931 2356 990 librariis

319 1029 521 1104 potius
585 1027 737 1084 vitio
803 1024 1152 1083 vertendum
1216 1016 1413 1105 (velut
1476 1021 1636 1098 quod
1708 1021 1871 1081 haud
1932 1039 2071 1081 raro
2145 1023 2356 1080 contra

321 1117 713 1195 grammatica
759 1114 830 1172 de
878 1114 1290 1172 consecutione
1338 1115 1674 1187 temporum
1717 1113 2037 1187 praecepta
2081 1127 2356 1187 peccasse

319 1196 612 1285 videtur),
658 1205 884 1280 partim
929 1202 1106 1261 aliter
1151 1200 1552 1261 excusandum
1599 1203 1704 1260 est.
1795 1199 1955 1258 Nam
2009 1216 2360 1276 persuasum

319 1294 470 1352 mihi
516 1296 606 1352 est
663 1311 784 1351 non
839 1295 1080 1351 cunctos
1137 1294 1424 1366 quattuor
1479 1290 1936 1349 commentarios
1991 1288 2195 1362 simul,
2254 1287 2359 1346 sed

321 1383 587 1460 singulos
650 1401 786 1440 eum
838 1383 904 1439 in
967 1379 1275 1455 publicum
1337 1379 1620 1453 edidisse,
1685 1380 1810 1437 sive
1875 1379 2176 1437 communi
2221 1395 2358 1435 con·

322 1472 634 1531 suetudine
681 1464 849 1551 (nam
896 1473 957 1528 et
1004 1470 1154 1528 alios
1199 1469 1312 1528 hoc
1357 1468 1566 1528 fecisse
1609 1467 1777 1527 velut
1820 1469 1941 1526 ista
1986 1467 2110 1525 fere
2158 1468 2358 1524 aetate

322 1560 690 1638 Polyaenum
718 1562 1214 1636 strategematum
1250 1560 1602 1634 scriptorem
1639 1560 2008 1632 compertum
2038 1547 2357 1635 habemus)

323 1653 447 1709 sive
494 1649 655 1726 quod
709 1651 838 1724 ipse
884 1649 995 1706 hoc
1053 1647 1392 1707 adsueverit
1445 1647 1639 1705 facere
1685 1647 1751 1704 in
1804 1645 1976 1704 libris
2037 1645 2360 1723 singulari·

324 1740 434 1799 bus
481 1740 557 1797 ad
613 1738 877 1797 edictum
932 1736 1201 1810 edendis,
1256 1738 1383 1796 sive
1436 1736 1596 1812 quod
1660 1734 1998 1793 diffidentia
2062 1733 2364 1809 quaedam

320 1832 384 1888 in
421 1832 550 1887 tam
594 1847 749 1887 novo
797 1828 1191 1900 scriptionum
1235 1845 1449 1903 genere
1486 1844 1622 1884 eum
1669 1824 2042 1901 compulerit,
2088 1826 2157 1881 ut
2202 1823 2361 1881 iudi—

322 1920 416 1978 cia
459 1918 769 1977 hominum
818 1917 1202 1990 experiretur.
1294 1916 1666 1992 Argumento
1706 1915 1910 1972 autem
1944 1916 2036 1972 est
2080 1914 2363 1989 primum,

325 2007 483 2083 quod
531 2010 584 2065 si
629 2008 888 2083 primum
949 2006 1442 2064 commentarium
1499 2022 1638 2062 cum
1697 2002 1885 2062 altero
1948 2001 2186 2060 demum
2229 2002 2364 2059 vul-

373 2210 377 2228 2
468 2177 519 2243 1)
560 2173 680 2238 Quo
716 2174 899 2243 magis
936 2176 1135 2243 postea
1170 2173 1311 2243 ipsis
1348 2173 1574 2243 populis
1614 2172 1717 2227 sub
1768 2171 1968 2241 iugum
2014 2170 2365 2240 imperiii-e-

325 2245 506 2298 dactis
545 2245 718 2298 etiam
755 2244 1003 2299 actiones
1039 2245 1343 2314 pauHatim
1380 2242 1836 2301 extraordinariis
1873 2241 2366 2312 persecutionibus

327 2334 555 2385 cessere,
594 2316 654 2369 in
691 2317 896 2384 quibus
924 2333 1037 2370 non
1073 2319 1194 2370 tam
1229 2315 1420 2370 nostro
1448 2316 1568 2370 iure
1606 2315 1824 2385 privato
1853 2314 1914 2368 in
1951 2313 2179 2381 iudicio,
2209 2314 2366 2383 quod

324 2387 486 2442 nobis
535 2388 785 2455 debetur,
832 2388 1221 2456 persequimur
1267 2389 1369 2456 (pr.
1408 2388 1447 2441 Ι.
1489 2388 1557 2440 de
1598 2389 1703 2440 act.
1744 2394 1794 2452 4,
1816 2388 1894 2455 6),
1942 2403 2114 2455 quam
2156 2401 2368 2439 novum

325 2459 413 2512 ius
452 2459 523 2512 ab
561 2458 798 2528 imperio
835 2460 1083 2528 pendens
1121 2459 1347 2512 indulta
1384 2476 1418 2512 a
1453 2459 1795 2529 magistratu
1841 2456 2163 2527 cognitione
2209 2473 2367 2509 exer-

330 2547 451 2584 cere
486 2530 756 2597 videmur,
794 2533 955 2585 tanto
992 2530 1173 2600 magis
1213 2531 1363 2584 actio
1399 2531 1628 2600 propria
1665 2529 1944 2600 quaedam
1976 2527 2116 2581 iuris
2152 2527 2368 2596 privati

331 2602 493 2671 quasi
530 2602 852 2656 substantia
880 2604 999 2656 ess'e
1038 2601 1226 2669 desiit,
1265 2602 1338 2655 ad
1414 2619 1548 2655 uam
1587 2601 1657 2654 ab
1694 2601 1837 2670 ipso,
1877 2618 1944 2652 ex
1971 2616 2083 2666 quo
2122 2599 2366 2669 agimus,

327 2670 607 2727 diversum
652 2673 740 2727 ius
788 2674 1066 2742 pertinere
1112 2674 1308 2742 possit.
1434 2674 1545 2727 uod
1601 2673 1830 2740 quidem
1887 2670 2100 2737 effecit,
2146 2673 2212 2724 ut
2247 2670 2369 2724 iam

326 2745 627 2798 Iustiniani
664 2747 915 2813 tempore
953 2745 1102 2798 inter
1148 2745 1396 2798 actiones
1436 2747 1493 2797 et
1539 2743 1914 2814 obligationes
1961 2758 2074 2795 non
2118 2740 2369 2795 multum

327 2816 594 2870 interesse
632 2816 918 2870 videretur
944 2819 1024 2886 (et
1062 2833 1194 2868 sane
1233 2816 1407 2869 etiam
1445 2815 1693 2869 actiones
1733 2817 1866 2868 sunt
1902 2814 2180 2883 quaedam
2218 2811 2373 2866 obli—

330 2888 586 2961 gation‘s
643 2891 726 2955 et,
783 2888 935 2956 quod
989 2887 1364 2955 Theophilum
1417 2887 1495 2940 III
1541 2892 1607 2939 13
1636 2904 1761 2955 pr.,⁴
1793 2884 1871 2939 IV
1919 2891 1949 2939 6
1978 2902 2062 2953 pr.
2119 2883 2370 2938 maxime

326 2959 501 3013 movit
530 2963 587 3012 et
615 2959 675 3012 in
712 2976 954 3013 errorem
990 2958 1231 3026 induxit,
1270 2958 1644 3029 obligationes
1681 2957 1942 3026 inprimis
1972 2972 2130 3024 opus.
2150 2954 2373 3010 habent

328 3030 547 3085 actione
596 3034 652 3083 et
707 3047 873 3099 saepe
928 3033 1149 3083 tantum
1197 3030 1257 3082 in
1313 3030 1520 3100 agendi
1575 3029 1849 3083 facultate
1904 3027 2179 3097 praestita
2234 3042 2372 3080 con-

329 3102 584 3172 sistunt):
641 3105 832 3156 nostro
887 3117 1016 3155 vero
1071 3108 1320 3170 tempore
1377 3102 1656 3155 exstincta
1709 3117 1890 3169 paene
1947 3098 2186 3152 actionis
2233 3097 2372 3152 sub-

329 3174 557 3241 stantia,
608 3172 712 3226 Gai
765 3173 1015 3227 actiones
1063 3190 1097 3226 a
1150 3172 1434 3241 plerisque
1491 3172 1717 3226 omnino
1774 3171 1885 3224 alio
1931 3187 2100 3224 sensu
2147 3185 2220 3223 sc.
2259 3186 2373 3238 pro

328 3243 595 3311 πράξεσιν
644 3243 1054 3313 acciperentur3
1102 3261 1216 3311 qua
1259 3245 1479 3298 ratione
1525 3243 1705 3297 omnis
1751 3243 1875 3296 laus
1924 3241 2173 3296 Gaianae
2219 3240 2373 3294 divi-

327 3310 2374 3454 Zissffissapffiffiffimssgu?fflissffissffffitffiims&yssfflsssssslss‘ffiss‘

329 3459 588 3513 hibentes
627 3476 695 3512 ex
732 3462 854 3513 arte
891 3459 951 3513 in
987 3458 1226 3513 formam
1263 3458 1467 3512 indicis
1516 3458 1799 3511 redactas’
1849 3455 2031 3510 multa
2077 3471 2205 3508 cum
2244 3458 2374 3510 arte

333 3530 575 3585 confecit
612 3529 989 3600 Boeckingius
1024 3547 1281 3599 suaeque
1336 3530 1440 3585 Gai
1482 3529 1722 3583 editioni
1768 3528 1842 3582 ad
1887 3527 2099 3582 calcem
2135 3525 2374 3583 adiecit.
