<?xml version="1.0" encoding="UTF-8"?>
<!DOCTYPE html PUBLIC "-//W3C//DTD XHTML 1.0 Transitional//EN"
    "http://www.w3.org/TR/xhtml1/DTD/xhtml1-transitional.dtd">
<html xmlns="http://www.w3.org/1999/xhtml" xml:lang="en" lang="en">
 <head>
  <title>
</title>
<meta http-equiv="Content-Type" content="text/html;charset=utf-8" />
  <meta name='ocr-system' content='tesseract 3.04.00' />
  <meta name='ocr-capabilities' content='ocr_page ocr_carea ocr_par ocr_line ocrx_word'/>
</head>
<body>
  <div class='ocr_page' id='page_1' title='image "./ivrisprvdentiae00kbgoog/ivrisprvdentiae00kbgoog_0535.png"; bbox 0 0 2650 3917; ppageno 0'>
   <div class='ocr_carea' id='block_1_1' title="bbox 585 149 2283 217">
    <p class='ocr_par' dir='ltr' id='par_1_1' title="bbox 585 149 2283 217">
     <span class='ocr_line' id='line_1_1' title="bbox 585 149 2283 217; baseline 0 -9"><span class='ocrx_word' id='word_1_1' title='bbox 585 153 887 209; x_wconf 83' lang='lat' dir='ltr'><strong>VLPLANI</strong></span> <span class='ocrx_word' id='word_1_2' title='bbox 919 153 1099 208; x_wconf 84' lang='lat' dir='ltr'>DISP.</span> <span class='ocrx_word' id='word_1_3' title='bbox 1137 154 1248 208; x_wconf 80' lang='lat' dir='ltr'><strong>FR.</strong></span> <span class='ocrx_word' id='word_1_4' title='bbox 1289 151 1805 208; x_wconf 73' lang='lat' dir='ltr'><strong>ARGENTORAT.</strong></span> <span class='ocrx_word' id='word_1_5' title='bbox 1854 159 1902 207; x_wconf 87' lang='grc'><strong>6.</strong></span> <span class='ocrx_word' id='word_1_6' title='bbox 1945 160 1991 208; x_wconf 84' lang='grc'><strong>7.</strong></span> <span class='ocrx_word' id='word_1_7' title='bbox 2146 149 2283 217; x_wconf 65' lang='grc'><strong>499</strong></span> 
     </span>
    </p>
   </div>
   <div class='ocr_carea' id='block_1_2' title="bbox 281 317 2282 2629">
    <p class='ocr_par' dir='ltr' id='par_1_2' title="bbox 281 317 2282 2629">
     <span class='ocr_line' id='line_1_2' title="bbox 395 317 1260 403; baseline 0.001 -21"><span class='ocrx_word' id='word_1_8' title='bbox 395 317 708 398; x_wconf 79' lang='lat' dir='ltr'><strong>formulae</strong></span> <span class='ocrx_word' id='word_1_9' title='bbox 755 318 1260 403; x_wconf 77' lang='lat' dir='ltr'><strong>conceptionem,</strong></span> 
     </span>
     <span class='ocr_line' id='line_1_3' title="bbox 398 407 2280 492; baseline -0.002 -20"><span class='ocrx_word' id='word_1_10' title='bbox 398 407 692 492; x_wconf 79' lang='lat' dir='ltr'><strong>proderit,</strong></span> <span class='ocrx_word' id='word_1_11' title='bbox 739 410 892 492; x_wconf 83' lang='lat' dir='ltr'><strong>quia</strong></span> <span class='ocrx_word' id='word_1_12' title='bbox 937 411 1277 472; x_wconf 80' lang='lat' dir='ltr'><strong>extraneus</strong></span> <span class='ocrx_word' id='word_1_13' title='bbox 1323 426 1464 491; x_wconf 85' lang='lat' dir='ltr'><strong>pos·</strong></span> <span class='ocrx_word' id='word_1_14' title='bbox 2247 421 2280 469; x_wconf 83' lang='lat'>5</span> 
     </span>
     <span class='ocr_line' id='line_1_4' title="bbox 281 495 1764 581; baseline 0.001 -22"><span class='ocrx_word' id='word_1_15' title='bbox 281 511 285 517; x_wconf 84' lang='grc'>·</span> <span class='ocrx_word' id='word_1_16' title='bbox 401 516 613 561; x_wconf 78' lang='lat' dir='ltr'>sessor</span> <span class='ocrx_word' id='word_1_17' title='bbox 657 502 760 563; x_wconf 77' lang='lat' dir='ltr'><strong>est.</strong></span> <span class='ocrx_word' id='word_1_18' title='bbox 851 497 962 561; x_wconf 91' lang='lat' dir='ltr'><strong>sed</strong></span> <span class='ocrx_word' id='word_1_19' title='bbox 1010 497 1065 560; x_wconf 93' lang='lat' dir='ltr'><strong>si</strong></span> <span class='ocrx_word' id='word_1_20' title='bbox 1111 498 1268 581; x_wconf 88' lang='lat' dir='ltr'><strong>ipse,</strong></span> <span class='ocrx_word' id='word_1_21' title='bbox 1316 497 1430 579; x_wconf 90' lang='lat' dir='ltr'><strong>qui</strong></span> <span class='ocrx_word' id='word_1_22' title='bbox 1474 495 1764 580; x_wconf 74' lang='lat' dir='ltr'><strong>piynera-</strong></span> 
     </span>
     <span class='ocr_line' id='line_1_5' title="bbox 397 584 1441 668; baseline 0.001 -19"><span class='ocrx_word' id='word_1_23' title='bbox 397 587 510 668; x_wconf 62' lang='grc' dir='ltr'><strong>υἰέ,</strong></span> <span class='ocrx_word' id='word_1_24' title='bbox 553 609 692 651; x_wconf 80' lang='lat' dir='ltr'><strong>rem</strong></span> <span class='ocrx_word' id='word_1_25' title='bbox 741 586 1112 650; x_wconf 77' lang='lat' dir='ltr'>distractam</span> <span class='ocrx_word' id='word_1_26' title='bbox 1157 584 1441 665; x_wconf 75' lang='lat' dir='ltr'><strong>redemit,</strong></span> 
     </span>
     <span class='ocr_line' id='line_1_6' title="bbox 397 673 2235 759; baseline -0.001 -20"><span class='ocrx_word' id='word_1_27' title='bbox 397 680 547 740; x_wconf 68' lang='lat' dir='ltr'><strong>tame</strong></span> <span class='ocrx_word' id='word_1_28' title='bbox 591 675 810 758; x_wconf 86' lang='lat' dir='ltr'><strong>quaeri</strong></span> <span class='ocrx_word' id='word_1_29' title='bbox 856 677 1093 759; x_wconf 88' lang='lat' dir='ltr'><strong>potest,</strong></span> <span class='ocrx_word' id='word_1_30' title='bbox 1131 696 1214 737; x_wconf 90' lang='lat' dir='ltr'><strong>an</strong></span> <span class='ocrx_word' id='word_1_31' title='bbox 1261 674 1640 758; x_wconf 79' lang='lat' dir='ltr'><strong>exceptione</strong></span> <span class='ocrx_word' id='word_1_32' title='bbox 1678 673 1863 758; x_wconf 84' lang='lat' dir='ltr'>quasi</span> <span class='ocrx_word' id='word_1_33' title='bbox 1901 677 2235 737; x_wconf 75' lang='lat' dir='ltr'><strong>extraneus</strong></span> 
     </span>
     <span class='ocr_line' id='line_1_7' title="bbox 398 764 1377 849; baseline 0 -21"><span class='ocrx_word' id='word_1_34' title='bbox 398 765 459 828; x_wconf 80' lang='lat' dir='ltr'><strong>is</strong></span> <span class='ocrx_word' id='word_1_35' title='bbox 501 765 601 828; x_wconf 88' lang='lat' dir='ltr'><strong>uti</strong></span> <span class='ocrx_word' id='word_1_36' title='bbox 647 764 873 848; x_wconf 78' lang='lat' dir='ltr'><strong>possit,</strong></span> <span class='ocrx_word' id='word_1_37' title='bbox 920 768 986 828; x_wconf 90' lang='lat' dir='ltr'><strong>et</strong></span> <span class='ocrx_word' id='word_1_38' title='bbox 1031 765 1244 849; x_wconf 74' lang='lat' dir='ltr'><strong>magis</strong></span> <span class='ocrx_word' id='word_1_39' title='bbox 1287 769 1377 828; x_wconf 79' lang='lat' dir='ltr'><strong>est</strong></span> 
     </span>
     <span class='ocr_line' id='line_1_8' title="bbox 396 850 2282 937; baseline -0.002 -20"><span class='ocrx_word' id='word_1_40' title='bbox 396 875 529 918; x_wconf 89' lang='lat' dir='ltr'><strong>non</strong></span> <span class='ocrx_word' id='word_1_41' title='bbox 574 853 635 919; x_wconf 91' lang='lat' dir='ltr'><strong>ei</strong></span> <span class='ocrx_word' id='word_1_42' title='bbox 679 853 985 937; x_wconf 85' lang='lat' dir='ltr'><strong>prodesse</strong></span> <span class='ocrx_word' id='word_1_43' title='bbox 1032 853 1499 937; x_wconf 71' lang='lat' dir='ltr'><strong>exceptionem,</strong></span> <span class='ocrx_word' id='word_1_44' title='bbox 1543 850 1715 917; x_wconf 69' lang='lat' dir='ltr'><strong>Idcet¹</strong></span> <span class='ocrx_word' id='word_1_45' title='bbox 2212 866 2282 914; x_wconf 85' lang='lat'><strong>10</strong></span> 
     </span>
     <span class='ocr_line' id='line_1_9' title="bbox 396 943 1905 1008; baseline -0.001 -3"><span class='ocrx_word' id='word_1_46' title='bbox 396 943 467 1005; x_wconf 90' lang='lat' dir='ltr'><strong>in</strong></span> <span class='ocrx_word' id='word_1_47' title='bbox 510 943 755 1008; x_wconf 87' lang='lat' dir='ltr'><strong>factum</strong></span> <span class='ocrx_word' id='word_1_48' title='bbox 800 943 1083 1007; x_wconf 81' lang='lat' dir='ltr'><strong>formula</strong></span> <span class='ocrx_word' id='word_1_49' title='bbox 1129 963 1275 1006; x_wconf 89' lang='lat' dir='ltr'><strong>con·</strong></span> <span class='ocrx_word' id='word_1_50' title='bbox 1900 969 1905 974; x_wconf 63' lang='grc'><strong><em>’</em></strong></span> 
     </span>
     <span class='ocr_line' id='line_1_10' title="bbox 397 1032 1396 1116; baseline 0 -21"><span class='ocrx_word' id='word_1_51' title='bbox 397 1036 575 1115; x_wconf 78' lang='lat' dir='ltr'><strong>cepta</strong></span> <span class='ocrx_word' id='word_1_52' title='bbox 621 1032 725 1116; x_wconf 91' lang='lat' dir='ltr'><strong>sit,</strong></span> <span class='ocrx_word' id='word_1_53' title='bbox 770 1036 843 1095; x_wconf 93' lang='lat' dir='ltr'><strong>ut</strong></span> <span class='ocrx_word' id='word_1_54' title='bbox 889 1052 1085 1115; x_wconf 88' lang='lat' dir='ltr'><strong>supra</strong></span> <span class='ocrx_word' id='word_1_55' title='bbox 1128 1032 1396 1097; x_wconf 78' lang='lat' dir='ltr'><strong>ostendi-</strong></span> 
     </span>
     <span class='ocr_line' id='line_1_11' title="bbox 396 1140 555 1185; baseline 0 0"><span class='ocrx_word' id='word_1_56' title='bbox 396 1140 555 1185; x_wconf 86' lang='lat' dir='ltr'><strong>mus.</strong></span> 
     </span>
     <span class='ocr_line' id='line_1_12' title="bbox 282 1206 1941 1293; baseline -0.002 -22"><span class='ocrx_word' id='word_1_57' title='bbox 282 1206 335 1272; x_wconf 81' lang='lat'><strong>6.</strong></span> <span class='ocrx_word' id='word_1_58' title='bbox 390 1208 491 1274; x_wconf 90' lang='lat' dir='ltr'><strong>Eo</strong></span> <span class='ocrx_word' id='word_1_59' title='bbox 536 1210 801 1292; x_wconf 85' lang='lat' dir='ltr'><strong>accedit,</strong></span> <span class='ocrx_word' id='word_1_60' title='bbox 848 1210 1022 1293; x_wconf 92' lang='lat' dir='ltr'><strong>quod</strong></span> <span class='ocrx_word' id='word_1_61' title='bbox 1067 1211 1263 1274; x_wconf 87' lang='lat' dir='ltr'><strong>etiam</strong></span> <span class='ocrx_word' id='word_1_62' title='bbox 1308 1208 1623 1293; x_wconf 82' lang='lat' dir='ltr'><strong>rescripto</strong></span> <span class='ocrx_word' id='word_1_63' title='bbox 1670 1208 1751 1271; x_wconf 82' lang='lat' dir='ltr'><strong>ad</strong></span> <span class='ocrx_word' id='word_1_64' title='bbox 1797 1231 1830 1267; x_wconf 60' lang='grc' dir='ltr'><strong>,ιι</strong></span> <span class='ocrx_word' id='word_1_65' title='bbox 1854 1232 1886 1267; x_wconf 79' lang='lat'><strong>*</strong></span> <span class='ocrx_word' id='word_1_66' title='bbox 1909 1231 1941 1267; x_wconf 78' lang='lat'><strong>*</strong></span> 
     </span>
     <span class='ocr_line' id='line_1_13' title="bbox 399 1299 2280 1381; baseline 0.001 -23"><span class='ocrx_word' id='word_1_67' title='bbox 399 1322 431 1358; x_wconf 78' lang='lat'><strong>*</strong></span> <span class='ocrx_word' id='word_1_68' title='bbox 453 1323 485 1358; x_wconf 77' lang='lat'><strong>*</strong></span> <span class='ocrx_word' id='word_1_69' title='bbox 508 1324 540 1359; x_wconf 79' lang='lat'><strong>*</strong></span> <span class='ocrx_word' id='word_1_70' title='bbox 564 1324 596 1359; x_wconf 80' lang='lat'><strong>*</strong></span> <span class='ocrx_word' id='word_1_71' title='bbox 633 1323 701 1363; x_wconf 87' lang='lat' dir='ltr'>m</span> <span class='ocrx_word' id='word_1_72' title='bbox 747 1299 1094 1381; x_wconf 81' lang='lat' dir='ltr'><strong>Iulianum,</strong></span> <span class='ocrx_word' id='word_1_73' title='bbox 1143 1300 1326 1364; x_wconf 89' lang='lat' dir='ltr'><strong>cuius</strong></span> <span class='ocrx_word' id='word_1_74' title='bbox 1373 1319 1474 1363; x_wconf 76' lang='lat' dir='ltr'><strong>su·</strong></span> <span class='ocrx_word' id='word_1_75' title='bbox 2213 1312 2280 1359; x_wconf 81' lang='lat'><strong>15</strong></span> 
     </span>
     <span class='ocr_line' id='line_1_14' title="bbox 383 1387 1336 1471; baseline 0 -20"><span class='ocrx_word' id='word_1_76' title='bbox 383 1409 513 1470; x_wconf 78' lang='lat' dir='ltr'><strong>pra</strong></span> <span class='ocrx_word' id='word_1_77' title='bbox 557 1388 840 1471; x_wconf 82' lang='lat' dir='ltr'><strong>memini,</strong></span> <span class='ocrx_word' id='word_1_78' title='bbox 888 1389 1180 1453; x_wconf 78' lang='lat' dir='ltr'><strong>adiuuari</strong></span> <span class='ocrx_word' id='word_1_79' title='bbox 1223 1387 1336 1452; x_wconf 79' lang='lat' dir='ltr'><strong>hic</strong></span> 
     </span>
     <span class='ocr_line' id='line_1_15' title="bbox 399 1475 1381 1542; baseline 0.001 -2"><span class='ocrx_word' id='word_1_80' title='bbox 399 1501 430 1535; x_wconf 83' lang='lat'><em>*</em></span> <span class='ocrx_word' id='word_1_81' title='bbox 454 1501 486 1535; x_wconf 78' lang='lat'>*</span> <span class='ocrx_word' id='word_1_82' title='bbox 516 1481 600 1542; x_wconf 84' lang='lat' dir='ltr'><strong>at.</strong></span> <span class='ocrx_word' id='word_1_83' title='bbox 691 1500 778 1541; x_wconf 81' lang='lat' dir='ltr'><strong>na</strong></span> <span class='ocrx_word' id='word_1_84' title='bbox 1162 1500 1227 1541; x_wconf 90' lang='lat' dir='ltr'><strong>m</strong></span> <span class='ocrx_word' id='word_1_85' title='bbox 1273 1475 1381 1541; x_wconf 91' lang='lat' dir='ltr'><strong>be-</strong></span> 
     </span>
     <span class='ocr_line' id='line_1_16' title="bbox 765 1565 1339 1631; baseline -0.005 0"><span class='ocrx_word' id='word_1_86' title='bbox 765 1566 1112 1631; x_wconf 75' lang='lat' dir='ltr'><strong>consularis</strong></span> <span class='ocrx_word' id='word_1_87' title='bbox 1157 1565 1339 1630; x_wconf 86' lang='lat' dir='ltr'><strong>femi-</strong></span> 
     </span>
     <span class='ocr_line' id='line_1_17' title="bbox 398 1651 1421 1719; baseline -0.003 0"><span class='ocrx_word' id='word_1_88' title='bbox 398 1675 488 1719; x_wconf 73' lang='lat' dir='ltr'><strong>na</strong></span> <span class='ocrx_word' id='word_1_89' title='bbox 525 1678 559 1714; x_wconf 80' lang='lat'><strong><em>*</em></strong></span> <span class='ocrx_word' id='word_1_90' title='bbox 581 1678 613 1714; x_wconf 82' lang='lat'><strong>*</strong></span> <span class='ocrx_word' id='word_1_91' title='bbox 637 1678 668 1714; x_wconf 82' lang='lat'><strong>*</strong></span> <span class='ocrx_word' id='word_1_92' title='bbox 692 1678 724 1714; x_wconf 82' lang='lat'><strong>*</strong></span> <span class='ocrx_word' id='word_1_93' title='bbox 766 1651 1107 1718; x_wconf 82' lang='lat' dir='ltr'><strong>Sabiniano</strong></span> <span class='ocrx_word' id='word_1_94' title='bbox 1157 1653 1421 1718; x_wconf 89' lang='lat' dir='ltr'><strong>domum</strong></span> 
     </span>
     <span class='ocr_line' id='line_1_18' title="bbox 653 1744 2280 1808; baseline -0.002 -1"><span class='ocrx_word' id='word_1_95' title='bbox 653 1764 806 1807; x_wconf 86' lang='lat' dir='ltr'><strong>nam</strong></span> <span class='ocrx_word' id='word_1_96' title='bbox 852 1764 985 1808; x_wconf 92' lang='lat' dir='ltr'><strong>non</strong></span> <span class='ocrx_word' id='word_1_97' title='bbox 1030 1744 1249 1807; x_wconf 76' lang='lat' dir='ltr'><strong>domin</strong></span> <span class='ocrx_word' id='word_1_98' title='bbox 1296 1767 1327 1803; x_wconf 81' lang='lat'><strong>*</strong></span> <span class='ocrx_word' id='word_1_99' title='bbox 1353 1772 1380 1801; x_wconf 49' lang='grc' dir='ltr'><strong>,α</strong></span> <span class='ocrx_word' id='word_1_100' title='bbox 2210 1757 2280 1804; x_wconf 82' lang='lat'><strong>20</strong></span> 
     </span>
     <span class='ocr_line' id='line_1_19' title="bbox 754 1837 1619 1916; baseline -0.008 -20"><span class='ocrx_word' id='word_1_101' title='bbox 754 1855 793 1896; x_wconf 85' lang='lat' dir='ltr'>a</span> <span class='ocrx_word' id='word_1_102' title='bbox 838 1837 1056 1896; x_wconf 89' lang='lat' dir='ltr'><strong>tamen</strong></span> <span class='ocrx_word' id='word_1_103' title='bbox 1102 1854 1140 1894; x_wconf 91' lang='lat' dir='ltr'>a</span> <span class='ocrx_word' id='word_1_104' title='bbox 1184 1853 1252 1896; x_wconf 91' lang='lat' dir='ltr'><strong>se</strong></span> <span class='ocrx_word' id='word_1_105' title='bbox 1298 1854 1384 1916; x_wconf 88' lang='lat' dir='ltr'><strong>pa</strong></span> <span class='ocrx_word' id='word_1_106' title='bbox 1421 1855 1619 1892; x_wconf 56' lang='lat' dir='ltr'><strong>*am*</strong></span> 
     </span>
     <span class='ocr_line' id='line_1_20' title="bbox 399 1920 1242 2003; baseline 0.002 -23"><span class='ocrx_word' id='word_1_107' title='bbox 399 1946 431 1981; x_wconf 79' lang='lat'><strong>*</strong></span> <span class='ocrx_word' id='word_1_108' title='bbox 453 1946 485 1981; x_wconf 80' lang='lat'><strong>*</strong></span> <span class='ocrx_word' id='word_1_109' title='bbox 508 1947 540 1980; x_wconf 63' lang='grc' dir='ltr'><strong>»ι</strong></span> <span class='ocrx_word' id='word_1_110' title='bbox 563 1947 595 1981; x_wconf 81' lang='lat'>*</span> <span class='ocrx_word' id='word_1_111' title='bbox 630 1926 859 2003; x_wconf 79' lang='lat' dir='ltr'><strong>postea</strong></span> <span class='ocrx_word' id='word_1_112' title='bbox 906 1920 1127 1985; x_wconf 88' lang='lat' dir='ltr'><strong>domin</strong></span> <span class='ocrx_word' id='word_1_113' title='bbox 1156 1947 1188 1979; x_wconf 80' lang='lat'><strong>*</strong></span> <span class='ocrx_word' id='word_1_114' title='bbox 1211 1946 1242 1982; x_wconf 80' lang='lat'><strong><em>*</em></strong></span> 
     </span>
     <span class='ocr_line' id='line_1_21' title="bbox 636 2008 1858 2095; baseline 0 -21"><span class='ocrx_word' id='word_1_115' title='bbox 636 2033 703 2074; x_wconf 90' lang='lat' dir='ltr'><strong>m</strong></span> <span class='ocrx_word' id='word_1_116' title='bbox 749 2014 902 2095; x_wconf 91' lang='lat' dir='ltr'><strong>post</strong></span> <span class='ocrx_word' id='word_1_117' title='bbox 946 2010 1190 2077; x_wconf 82' lang='lat' dir='ltr'><strong>multos</strong></span> <span class='ocrx_word' id='word_1_118' title='bbox 1233 2031 1343 2075; x_wconf 49' lang='lat' dir='ltr'><strong>amr</strong></span> <span class='ocrx_word' id='word_1_119' title='bbox 1832 2008 1858 2047; x_wconf 71' lang='lat'><strong>⁴</strong></span> 
     </span>
     <span class='ocr_line' id='line_1_22' title="bbox 391 2100 1244 2182; baseline 0.001 -18"><span class='ocrx_word' id='word_1_120' title='bbox 391 2119 505 2164; x_wconf 76' lang='lat' dir='ltr'><strong>nos</strong></span> <span class='ocrx_word' id='word_1_121' title='bbox 537 2100 926 2182; x_wconf 77' lang='lat' dir='ltr'><strong>possederat,</strong></span> <span class='ocrx_word' id='word_1_122' title='bbox 972 2101 1244 2182; x_wconf 64' lang='lat' dir='ltr'><strong>impera-</strong></span> 
     </span>
     <span class='ocr_line' id='line_1_23' title="bbox 394 2187 2280 2274; baseline -0.003 -21"><span class='ocrx_word' id='word_1_123' title='bbox 394 2193 491 2253; x_wconf 80' lang='lat' dir='ltr'><strong>tor</strong></span> <span class='ocrx_word' id='word_1_124' title='bbox 534 2194 739 2255; x_wconf 82' lang='lat' dir='ltr'><strong>noster</strong></span> <span class='ocrx_word' id='word_1_125' title='bbox 783 2210 929 2253; x_wconf 87' lang='lat' dir='ltr'><strong>cum</strong></span> <span class='ocrx_word' id='word_1_126' title='bbox 974 2193 1160 2274; x_wconf 87' lang='lat' dir='ltr'><strong>patre</strong></span> <span class='ocrx_word' id='word_1_127' title='bbox 1203 2189 1538 2273; x_wconf 85' lang='lat' dir='ltr'><strong>rescripsit</strong></span> <span class='ocrx_word' id='word_1_128' title='bbox 1582 2187 1807 2252; x_wconf 72' lang='lat' dir='ltr'><strong>annali</strong></span> <span class='ocrx_word' id='word_1_129' title='bbox 2210 2201 2280 2249; x_wconf 80' lang='lat'><strong>25</strong></span> 
     </span>
     <span class='ocr_line' id='line_1_24' title="bbox 394 2278 1742 2363; baseline -0.001 -21"><span class='ocrx_word' id='word_1_130' title='bbox 394 2278 744 2360; x_wconf 75' lang='lat' dir='ltr'><strong>exceptione</strong></span> <span class='ocrx_word' id='word_1_131' title='bbox 786 2299 924 2344; x_wconf 84' lang='lat' dir='ltr'><strong>eam</strong></span> <span class='ocrx_word' id='word_1_132' title='bbox 969 2279 1070 2343; x_wconf 90' lang='lat' dir='ltr'><strong>uti</strong></span> <span class='ocrx_word' id='word_1_133' title='bbox 1113 2299 1245 2342; x_wconf 92' lang='lat' dir='ltr'><strong>non</strong></span> <span class='ocrx_word' id='word_1_134' title='bbox 1291 2278 1606 2363; x_wconf 87' lang='lat' dir='ltr'><strong>potuisse:</strong></span> <span class='ocrx_word' id='word_1_135' title='bbox 1654 2296 1742 2341; x_wconf 82' lang='lat' dir='ltr'><strong>ce-</strong></span> 
     </span>
     <span class='ocr_line' id='line_1_25' title="bbox 394 2366 1461 2452; baseline 0.002 -22"><span class='ocrx_word' id='word_1_136' title='bbox 394 2366 544 2431; x_wconf 77' lang='lat' dir='ltr'><strong>teris</strong></span> <span class='ocrx_word' id='word_1_137' title='bbox 593 2368 747 2452; x_wconf 85' lang='lat' dir='ltr'><strong>quia</strong></span> <span class='ocrx_word' id='word_1_138' title='bbox 788 2368 1287 2452; x_wconf 84' lang='lat' dir='ltr'><strong>possessoribus,</strong></span> <span class='ocrx_word' id='word_1_139' title='bbox 1334 2387 1461 2432; x_wconf 78' lang='lat' dir='ltr'><strong>non</strong></span> 
     </span>
     <span class='ocr_line' id='line_1_26' title="bbox 397 2455 1384 2544; baseline 0.002 -26"><span class='ocrx_word' id='word_1_140' title='bbox 397 2455 474 2538; x_wconf 91' lang='lat' dir='ltr'><strong>ei,</strong></span> <span class='ocrx_word' id='word_1_141' title='bbox 511 2457 625 2540; x_wconf 90' lang='lat' dir='ltr'><strong>qui</strong></span> <span class='ocrx_word' id='word_1_142' title='bbox 669 2458 933 2544; x_wconf 76' lang='lat' dir='ltr'><strong>pignori</strong></span> <span class='ocrx_word' id='word_1_143' title='bbox 978 2456 1173 2540; x_wconf 87' lang='lat' dir='ltr'><strong>dedit,</strong></span> <span class='ocrx_word' id='word_1_144' title='bbox 1219 2477 1384 2521; x_wconf 89' lang='lat' dir='ltr'><strong>com·</strong></span> 
     </span>
     <span class='ocr_line' id='line_1_27' title="bbox 393 2545 578 2629; baseline -0.011 -19"><span class='ocrx_word' id='word_1_145' title='bbox 393 2545 578 2629; x_wconf 91' lang='lat' dir='ltr'><strong>petit.</strong></span> 
     </span>
    </p>
   </div>
   <div class='ocr_carea' id='block_1_3' title="bbox 287 2719 2279 3234">
    <p class='ocr_par' dir='ltr' id='par_1_3' title="bbox 287 2719 2279 3234">
     <span class='ocr_line' id='line_1_28' title="bbox 287 2719 425 2787; baseline 0.014 -2"><span class='ocrx_word' id='word_1_146' title='bbox 287 2721 341 2787; x_wconf 89' lang='grc'><strong>7.</strong></span> <span class='ocrx_word' id='word_1_147' title='bbox 397 2719 425 2761; x_wconf 82' lang='lat'><strong>¹</strong></span> 
     </span>
     <span class='ocr_line' id='line_1_29' title="bbox 394 2809 2278 2895; baseline -0.001 -20"><span class='ocrx_word' id='word_1_148' title='bbox 394 2811 567 2895; x_wconf 86' lang='lat' dir='ltr'><strong>facit,</strong></span> <span class='ocrx_word' id='word_1_149' title='bbox 627 2815 785 2877; x_wconf 85' lang='lat' dir='ltr'><strong>tunc</strong></span> <span class='ocrx_word' id='word_1_150' title='bbox 844 2834 991 2876; x_wconf 91' lang='lat' dir='ltr'><strong>eum</strong></span> <span class='ocrx_word' id='word_1_151' title='bbox 1049 2816 1114 2876; x_wconf 93' lang='lat' dir='ltr'><strong>et</strong></span> <span class='ocrx_word' id='word_1_152' title='bbox 1180 2809 1512 2895; x_wconf 73' lang='lat' dir='ltr'><strong>sequenti³</strong></span> <span class='ocrx_word' id='word_1_153' title='bbox 1548 2809 2119 2877; x_wconf 76' lang='lat' dir='ltr'><strong>condemnandum:</strong></span> <span class='ocrx_word' id='word_1_154' title='bbox 2186 2810 2278 2873; x_wconf 89' lang='lat' dir='ltr'><strong>sic</strong></span> 
     </span>
     <span class='ocr_line' id='line_1_30' title="bbox 392 2899 2278 2987; baseline -0.002 -23"><span class='ocrx_word' id='word_1_155' title='bbox 392 2900 560 2987; x_wconf 85' lang='lat' dir='ltr'><strong>fleri,</strong></span> <span class='ocrx_word' id='word_1_156' title='bbox 618 2905 695 2965; x_wconf 91' lang='lat' dir='ltr'><strong>ut</strong></span> <span class='ocrx_word' id='word_1_157' title='bbox 760 2923 903 2983; x_wconf 84' lang='lat' dir='ltr'><strong>sua,</strong></span> <span class='ocrx_word' id='word_1_158' title='bbox 961 2901 1194 2985; x_wconf 82' lang='lat' dir='ltr'><strong>inquit,</strong></span> <span class='ocrx_word' id='word_1_159' title='bbox 1256 2900 1446 2985; x_wconf 88' lang='lat' dir='ltr'><strong>culpa</strong></span> <span class='ocrx_word' id='word_1_160' title='bbox 1504 2901 1585 2965; x_wconf 84' lang='lat' dir='ltr'><strong>ab</strong></span> <span class='ocrx_word' id='word_1_161' title='bbox 1646 2900 1847 2964; x_wconf 85' lang='lat' dir='ltr'><strong>altera</strong></span> <span class='ocrx_word' id='word_1_162' title='bbox 1902 2899 2075 2964; x_wconf 88' lang='lat' dir='ltr'><strong>bona</strong></span> <span class='ocrx_word' id='word_1_163' title='bbox 2137 2899 2278 2962; x_wconf 88' lang='lat' dir='ltr'><strong>eius</strong></span> 
     </span>
     <span class='ocr_line' id='line_1_31' title="bbox 392 2989 2278 3074; baseline -0.001 -20"><span class='ocrx_word' id='word_1_164' title='bbox 392 2990 709 3055; x_wconf 83' lang='lat' dir='ltr'><strong>ueneant⁴</strong></span> <span class='ocrx_word' id='word_1_165' title='bbox 747 2994 878 3074; x_wconf 89' lang='lat' dir='ltr'><strong>aut,</strong></span> <span class='ocrx_word' id='word_1_166' title='bbox 918 2994 992 3054; x_wconf 94' lang='lat' dir='ltr'><strong>ut</strong></span> <span class='ocrx_word' id='word_1_167' title='bbox 1040 2989 1444 3074; x_wconf 88' lang='lat' dir='ltr'><strong>quibusdam,</strong></span> <span class='ocrx_word' id='word_1_168' title='bbox 1489 2989 1721 3074; x_wconf 88' lang='lat' dir='ltr'><strong>inquit,</strong></span> <span class='ocrx_word' id='word_1_169' title='bbox 1765 2989 2039 3073; x_wconf 88' lang='lat' dir='ltr'><strong>uidetur,</strong></span> <span class='ocrx_word' id='word_1_170' title='bbox 2084 2989 2278 3053; x_wconf 82' lang='lat' dir='ltr'><strong>duca-</strong></span> 
     </span>
     <span class='ocr_line' id='line_1_32' title="bbox 393 3076 2278 3164; baseline -0.001 -21"><span class='ocrx_word' id='word_1_171' title='bbox 393 3082 516 3144; x_wconf 88' lang='lat' dir='ltr'><strong>tur.</strong></span> <span class='ocrx_word' id='word_1_172' title='bbox 521 3076 545 3115; x_wconf 80' lang='lat'><strong>⁶</strong></span> <span class='ocrx_word' id='word_1_173' title='bbox 628 3079 739 3144; x_wconf 90' lang='lat' dir='ltr'><strong>sed</strong></span> <span class='ocrx_word' id='word_1_174' title='bbox 783 3081 1003 3145; x_wconf 81' lang='lat' dir='ltr'><strong>uerius</strong></span> <span class='ocrx_word' id='word_1_175' title='bbox 1039 3082 1138 3144; x_wconf 91' lang='lat' dir='ltr'><strong>est</strong></span> <span class='ocrx_word' id='word_1_176' title='bbox 1176 3100 1296 3145; x_wconf 88' lang='lat' dir='ltr'><strong>nec</strong></span> <span class='ocrx_word' id='word_1_177' title='bbox 1330 3083 1483 3164; x_wconf 90' lang='lat' dir='ltr'><strong>post</strong></span> <span class='ocrx_word' id='word_1_178' title='bbox 1518 3079 2110 3143; x_wconf 76' lang='lat' dir='ltr'><strong>condemnationem</strong></span> <span class='ocrx_word' id='word_1_179' title='bbox 2146 3095 2278 3140; x_wconf 84' lang='lat' dir='ltr'><strong>ma-</strong></span> 
     </span>
     <span class='ocr_line' id='line_1_33' title="bbox 392 3163 2279 3234; baseline -0.001 -1"><span class='ocrx_word' id='word_1_180' title='bbox 392 3169 591 3233; x_wconf 90' lang='lat' dir='ltr'><strong>ritum</strong></span> <span class='ocrx_word' id='word_1_181' title='bbox 635 3169 825 3233; x_wconf 79' lang='lat' dir='ltr'><strong>facile</strong></span> <span class='ocrx_word' id='word_1_182' title='bbox 872 3168 1020 3234; x_wconf 87' lang='lat' dir='ltr'><strong>duci</strong></span> <span class='ocrx_word' id='word_1_183' title='bbox 1070 3192 1101 3228; x_wconf 81' lang='lat'><strong>*</strong></span> <span class='ocrx_word' id='word_1_184' title='bbox 1133 3192 1166 3228; x_wconf 82' lang='lat'><strong>*</strong></span> <span class='ocrx_word' id='word_1_185' title='bbox 1198 3192 1230 3230; x_wconf 52' lang='grc' dir='ltr'><strong>,οι</strong></span> <span class='ocrx_word' id='word_1_186' title='bbox 1263 3193 1296 3229; x_wconf 78' lang='lat'><strong>*</strong></span> <span class='ocrx_word' id='word_1_187' title='bbox 1329 3192 1361 3230; x_wconf 54' lang='grc' dir='ltr'><strong>,οι</strong></span> <span class='ocrx_word' id='word_1_188' title='bbox 1394 3192 1426 3230; x_wconf 63' lang='lat'><strong>2«</strong></span> <span class='ocrx_word' id='word_1_189' title='bbox 1458 3193 1489 3229; x_wconf 81' lang='lat'><strong>*</strong></span> <span class='ocrx_word' id='word_1_190' title='bbox 1537 3190 1657 3233; x_wconf 87' lang='lat' dir='ltr'><strong>nec</strong></span> <span class='ocrx_word' id='word_1_191' title='bbox 1707 3167 1967 3234; x_wconf 87' lang='lat' dir='ltr'><strong>ducitur</strong></span> <span class='ocrx_word' id='word_1_192' title='bbox 2019 3167 2246 3232; x_wconf 77' lang='lat' dir='ltr'><strong>nudus.</strong></span> <span class='ocrx_word' id='word_1_193' title='bbox 2253 3163 2279 3203; x_wconf 81' lang='lat'>⁶</span> 
     </span>
    </p>
   </div>
   <div class='ocr_carea' id='block_1_4' title="bbox 812 1516 1132 1522">
    <p class='ocr_par' dir='ltr' id='par_1_4' title="bbox 812 1516 1132 1522">
     <span class='ocr_line' id='line_1_34' title="bbox 812 1516 1132 1522; baseline 0 0"><span class='ocrx_word' id='word_1_194' title='bbox 812 1516 1132 1522; x_wconf 95' lang='lat' dir='ltr'><strong> </strong></span> 
     </span>
    </p>
   </div>
   <div class='ocr_carea' id='block_1_5' title="bbox 397 1605 718 1611">
    <p class='ocr_par' dir='ltr' id='par_1_5' title="bbox 397 1605 718 1611">
     <span class='ocr_line' id='line_1_35' title="bbox 397 1605 718 1611; baseline 0 0"><span class='ocrx_word' id='word_1_195' title='bbox 397 1605 718 1611; x_wconf 95' lang='lat' dir='ltr'><strong> </strong></span> 
     </span>
    </p>
   </div>
   <div class='ocr_carea' id='block_1_6' title="bbox 399 1781 611 1788">
    <p class='ocr_par' dir='ltr' id='par_1_6' title="bbox 399 1781 611 1788">
     <span class='ocr_line' id='line_1_36' title="bbox 399 1781 611 1788; baseline 0 0"><span class='ocrx_word' id='word_1_196' title='bbox 399 1781 611 1788; x_wconf 95' lang='lat' dir='ltr'><strong> </strong></span> 
     </span>
    </p>
   </div>
   <div class='ocr_carea' id='block_1_7' title="bbox 399 1871 718 1876">
    <p class='ocr_par' dir='ltr' id='par_1_7' title="bbox 399 1871 718 1876">
     <span class='ocr_line' id='line_1_37' title="bbox 399 1871 718 1876; baseline 0 0"><span class='ocrx_word' id='word_1_197' title='bbox 399 1871 718 1876; x_wconf 95' lang='lat' dir='ltr'><strong> </strong></span> 
     </span>
    </p>
   </div>
   <div class='ocr_carea' id='block_1_8' title="bbox 417 2050 562 2054">
    <p class='ocr_par' dir='ltr' id='par_1_8' title="bbox 417 2050 562 2054">
     <span class='ocr_line' id='line_1_38' title="bbox 417 2050 562 2054; baseline 0 0"><span class='ocrx_word' id='word_1_198' title='bbox 417 2050 562 2054; x_wconf 95' lang='lat' dir='ltr'><strong> </strong></span> 
     </span>
    </p>
   </div>
   <div class='ocr_carea' id='block_1_9' title="bbox 1181 2650 1351 2705">
    <p class='ocr_par' dir='ltr' id='par_1_9' title="bbox 1181 2650 1351 2705">
     <span class='ocr_line' id='line_1_39' title="bbox 1181 2650 1351 2705; baseline -0.012 0"><span class='ocrx_word' id='word_1_199' title='bbox 1181 2650 1351 2705; x_wconf 81' lang='lat' dir='ltr'><strong>Ala.</strong></span> 
     </span>
    </p>
   </div>
   <div class='ocr_carea' id='block_1_10' title="bbox 1810 2760 2277 2767">
    <p class='ocr_par' dir='ltr' id='par_1_10' title="bbox 1810 2760 2277 2767">
     <span class='ocr_line' id='line_1_40' title="bbox 1810 2760 2277 2767; baseline 0 1150"><span class='ocrx_word' id='word_1_200' title='bbox 1810 2760 2277 2767; x_wconf 95' lang='lat' dir='ltr'><strong> </strong></span> 
     </span>
    </p>
   </div>
   <div class='ocr_carea' id='block_1_11' title="bbox 236 3278 669 3285">
    <p class='ocr_par' dir='ltr' id='par_1_11' title="bbox 236 3278 669 3285">
     <span class='ocr_line' id='line_1_41' title="bbox 236 3278 669 3285; baseline 0 0"><span class='ocrx_word' id='word_1_201' title='bbox 236 3278 669 3285; x_wconf 95' lang='lat' dir='ltr'><strong> </strong></span> 
     </span>
    </p>
   </div>
   <div class='ocr_carea' id='block_1_12' title="bbox 384 3325 2113 3412">
    <p class='ocr_par' dir='ltr' id='par_1_12' title="bbox 384 3325 2113 3412">
     <span class='ocr_line' id='line_1_42' title="bbox 384 3325 2113 3412; baseline -0.001 -32"><span class='ocrx_word' id='word_1_202' title='bbox 384 3327 437 3395; x_wconf 93' lang='lat'><strong>1)</strong></span> <span class='ocrx_word' id='word_1_203' title='bbox 474 3332 664 3381; x_wconf 68' lang='lat' dir='ltr'><strong>utrum</strong></span> <span class='ocrx_word' id='word_1_204' title='bbox 708 3325 846 3380; x_wconf 88' lang='lat' dir='ltr'><strong>licet</strong></span> <span class='ocrx_word' id='word_1_205' title='bbox 889 3337 969 3382; x_wconf 79' lang='lat' dir='ltr'><strong>cm</strong></span> <span class='ocrx_word' id='word_1_206' title='bbox 1014 3343 1141 3380; x_wconf 89' lang='lat' dir='ltr'><strong>eum</strong></span> <span class='ocrx_word' id='word_1_207' title='bbox 1187 3327 1556 3412; x_wconf 60' lang='lat' dir='ltr'><strong>supplerem</strong></span> <span class='ocrx_word' id='word_1_208' title='bbox 1598 3329 1697 3393; x_wconf 79' lang='lat' dir='ltr'><strong>sit,</strong></span> <span class='ocrx_word' id='word_1_209' title='bbox 1744 3326 1976 3381; x_wconf 74' lang='lat' dir='ltr'><strong>dubium</strong></span> <span class='ocrx_word' id='word_1_210' title='bbox 2020 3331 2113 3379; x_wconf 81' lang='lat' dir='ltr'><strong>est.</strong></span> 
     </span>
    </p>
   </div>
   <div class='ocr_carea' id='block_1_13' title="bbox 238 3365 2284 3539">
    <p class='ocr_par' dir='ltr' id='par_1_13' title="bbox 238 3365 2273 3539">
     <span class='ocr_line' id='line_1_43' title="bbox 238 3365 2273 3481; baseline -0.004 -26"><span class='ocrx_word' id='word_1_211' title='bbox 238 3399 292 3466; x_wconf 81' lang='lat'><strong>2)</strong></span> <span class='ocrx_word' id='word_1_212' title='bbox 330 3400 520 3481; x_wconf 67' lang='lat' dir='ltr'><strong>aqiwr</strong></span> <span class='ocrx_word' id='word_1_213' title='bbox 546 3398 613 3452; x_wconf 78' lang='lat' dir='ltr'><strong>de</strong></span> <span class='ocrx_word' id='word_1_214' title='bbox 639 3414 717 3465; x_wconf 81' lang='lat' dir='ltr'><strong>eo,</strong></span> <span class='ocrx_word' id='word_1_215' title='bbox 754 3398 852 3466; x_wconf 78' lang='lat' dir='ltr'><strong>qui</strong></span> <span class='ocrx_word' id='word_1_216' title='bbox 878 3414 918 3451; x_wconf 84' lang='lat' dir='ltr'>a</span> <span class='ocrx_word' id='word_1_217' title='bbox 943 3398 1163 3454; x_wconf 74' lang='lat' dir='ltr'><strong>duabus</strong></span> <span class='ocrx_word' id='word_1_218' title='bbox 1187 3400 1272 3454; x_wconf 77' lang='lat' dir='ltr'><strong>rei</strong></span> <span class='ocrx_word' id='word_1_219' title='bbox 1297 3400 1530 3454; x_wconf 74' lang='lat' dir='ltr'><strong>uxoriae</strong></span> <span class='ocrx_word' id='word_1_220' title='bbox 1565 3403 1857 3454; x_wconf 76' lang='lat' dir='ltr'><strong>conventus</strong></span> <span class='ocrx_word' id='word_1_221' title='bbox 1883 3404 1976 3452; x_wconf 77' lang='lat' dir='ltr'><strong>est.</strong></span> <span class='ocrx_word' id='word_1_222' title='bbox 2100 3399 2154 3462; x_wconf 81' lang='lat'><strong>8)</strong></span> <span class='ocrx_word' id='word_1_223' title='bbox 2191 3365 2273 3448; x_wconf 37' lang='grc' dir='ltr'><strong>σε’</strong></span> 
     </span>
     <span class='ocr_line' id='line_1_44' title="bbox 238 3466 2284 3539; baseline 0 -18"><span class='ocrx_word' id='word_1_224' title='bbox 238 3469 455 3536; x_wconf 85' lang='lat' dir='ltr'><strong>quemti</strong></span> <span class='ocrx_word' id='word_1_225' title='bbox 494 3469 551 3524; x_wconf 82' lang='lat' dir='ltr'><strong>G.</strong></span> <span class='ocrx_word' id='word_1_226' title='bbox 680 3471 735 3539; x_wconf 95' lang='grc'><strong>4)</strong></span> <span class='ocrx_word' id='word_1_227' title='bbox 770 3472 1024 3523; x_wconf 89' lang='lat' dir='ltr'><strong>ueneunt</strong></span> <span class='ocrx_word' id='word_1_228' title='bbox 1062 3470 1301 3539; x_wconf 70' lang='grc'><em>(1.5)</em></span> <span class='ocrx_word' id='word_1_229' title='bbox 1342 3470 1598 3525; x_wconf 82' lang='lat' dir='ltr'><strong>duc*tur</strong></span> <span class='ocrx_word' id='word_1_230' title='bbox 1633 3485 1808 3539; x_wconf 75' lang='lat' dir='ltr'><strong>quare</strong></span> <span class='ocrx_word' id='word_1_231' title='bbox 1844 3467 2187 3537; x_wconf 80' lang='lat' dir='ltr'><strong>quibusdam</strong></span> <span class='ocrx_word' id='word_1_232' title='bbox 2217 3466 2284 3522; x_wconf 81' lang='grc' dir='ltr'><em>Ο</em></span> 
     </span>
    </p>
   </div>
   <div class='ocr_carea' id='block_1_14' title="bbox 239 3540 1959 3683">
    <p class='ocr_par' dir='ltr' id='par_1_14' title="bbox 239 3540 1959 3683">
     <span class='ocr_line' id='line_1_45' title="bbox 239 3540 1317 3611; baseline 0.003 -20"><span class='ocrx_word' id='word_1_233' title='bbox 239 3541 293 3609; x_wconf 87' lang='grc'><strong>6)</strong></span> <span class='ocrx_word' id='word_1_234' title='bbox 327 3543 509 3610; x_wconf 66' lang='lat' dir='ltr'><strong>suppl.</strong></span> <span class='ocrx_word' id='word_1_235' title='bbox 547 3540 721 3595; x_wconf 76' lang='lat' dir='ltr'><strong>Lenel</strong></span> <span class='ocrx_word' id='word_1_236' title='bbox 755 3542 872 3597; x_wconf 77' lang='lat' dir='ltr'><strong>coll</strong></span> <span class='ocrx_word' id='word_1_237' title='bbox 911 3541 988 3596; x_wconf 91' lang='lat' dir='ltr'><strong>D.</strong></span> <span class='ocrx_word' id='word_1_238' title='bbox 1025 3546 1077 3610; x_wconf 81' lang='grc'><strong>4,</strong></span> <span class='ocrx_word' id='word_1_239' title='bbox 1107 3546 1158 3611; x_wconf 79' lang='lat'><strong>5,</strong></span> <span class='ocrx_word' id='word_1_240' title='bbox 1190 3546 1238 3610; x_wconf 78' lang='lat'><strong>7,</strong></span> <span class='ocrx_word' id='word_1_241' title='bbox 1267 3545 1317 3595; x_wconf 81' lang='grc'><strong>8.</strong></span> 
     </span>
     <span class='ocr_line' id='line_1_46' title="bbox 1847 3629 1959 3683; baseline 0 0"><span class='ocrx_word' id='word_1_242' title='bbox 1847 3629 1959 3683; x_wconf 68' lang='grc'><strong>32*</strong></span> 
     </span>
    </p>
   </div>
  </div>
 </body>
</html>
