2650 3917
885 177 1009 233 GAI
1044 178 1299 233 INSTIT.
1339 178 1416 232 111
1454 184 1645 233 8-10.
2156 179 2282 243 267

254 342 397 427 pari
451 341 704 405 ratione
750 344 816 406 et
871 342 928 406 si
982 363 1185 426 nepos
1238 341 1571 427 neptisue1
1618 342 1706 405 sit
1761 364 1838 406 ex
1893 341 2030 407 filio
2090 346 2156 407 et
2211 364 2288 407 ex

255 434 491 515 nepote
528 452 850 515 pronepos
883 431 1324 517 proneptisue,
1362 431 1559 496 simul
1595 453 1817 496 omnes
1854 436 2171 498 uocantur
2208 433 2288 497 ad

253 520 697 607 hereditatem,
799 522 852 586 8.
908 521 998 585 Et
1062 521 1213 606 quia
1278 519 1573 605 placebat
1635 524 1904 606 nepotes
1961 526 2289 607 neptesue,

255 611 412 675 item
478 614 871 694 pronepotes
933 614 1368 695 proneptesue
1422 610 1490 674 in
1554 610 1839 694 parentis
1905 612 2006 675 sui
2074 611 2290 676 locum

256 700 614 783 succedere,
679 700 1066 765 conueniens
1132 721 1272 765 esse
1336 700 1552 763 uisum
1607 703 1705 763 est
1758 722 1889 765 non
1936 701 2005 764 in
2060 701 2289 786 capita,

257 789 372 854 sed
424 787 531 855 &710²
578 788 812 873 stirpes
866 788 1330 854 hereditatem⁸
1376 788 1605 873 diuidi,
1660 789 1752 852 ita
1798 792 1872 852 ut
1926 790 2100 854 filius
2148 812 2291 875 par—

256 883 390 943 tem
443 878 778 943 dimidiam
831 878 1209 944 hereditatis
1264 879 1430 944 ferat
1477 882 1543 942 et
1588 900 1667 943 ex
1720 880 1924 944 altero
1979 879 2115 944 filio
2164 880 2289 943 duo

256 967 558 1053 pluresue
603 971 870 1054 nepotes
909 969 1179 1033 alteram
1217 968 1575 1052 dimidiam3
1621 967 1780 1032 item
1818 968 1874 1032 si
1911 992 1991 1033 ex
2038 968 2289 1033 duobus

255 1057 412 1121 filiis
458 1061 727 1142 nepotes
783 1060 1002 1122 extent
1048 1062 1113 1122 et
1161 1079 1239 1121 ex
1294 1057 1498 1121 altero
1544 1058 1681 1121 filio
1740 1079 1905 1122 unus
1960 1058 2131 1122 forte
2186 1056 2291 1121 uel

258 1148 413 1232 duo,
470 1169 550 1211 ex
612 1147 815 1211 altero
871 1151 1002 1212 tres
1068 1150 1181 1211 aut
1247 1150 1582 1231 quattuor,
1646 1147 1728 1210 ad
1787 1169 1987 1211 unum
2044 1150 2157 1211 aut
2212 1148 2292 1211 ad

259 1236 421 1301 duos
479 1236 746 1300 dimidia
799 1258 950 1321 pars
1006 1236 1327 1320 pertineat
1374 1240 1439 1300 et
1493 1236 1574 1300 ad
1627 1239 1759 1301 tres
1815 1240 1929 1300 aut
1985 1239 2292 1321 quattuor

256 1327 463 1392 altera
513 1325 793 1390 dimidia.

393 1416 449 1480 9.
498 1413 569 1480 Si
612 1415 832 1479 nullus
879 1415 966 1479 sit
1025 1436 1290 1480 suorum
1352 1414 1689 1500 heredum,
1752 1419 1907 1480 tunc
1970 1415 2292 1479 hereditas
2333 1453 2433 1503 128

256 1505 540 1590 pertinet
582 1502 590 1592 Ι
632 1526 711 1569 ex
756 1504 976 1569 eadem
1021 1503 1164 1591 lege
1210 1523 1312 1569 XII
1365 1504 1735 1568 tabularum
1783 1506 1862 1569 ad
1923 1502 2294 1590 adgnatos}
2329 1523 2369 1574 t.
2402 1538 2442 1574 s.

256 1595 347 1661 10.
395 1593 731 1660 Vocantur
776 1598 990 1658 autem
1049 1593 1341 1678 adgnati,
1397 1594 1510 1678 qui
1563 1593 1857 1680 legitima
1912 1593 2295 1679 cognatione

258 1683 466 1749 iuncti
514 1688 681 1748 sunt.
770 1683 1066 1770 legitima
1112 1686 1327 1747 autem
1374 1684 1673 1767 cognatio
1712 1686 1810 1748 est
1848 1705 1938 1767 ea,
1985 1705 2150 1766 quae
2184 1704 2297 1768 per

257 1772 474 1839 uirilis
523 1794 712 1837 sexus
759 1793 1067 1857 personas
1110 1773 1523 1855 coniungitur.
1613 1774 1823 1855 itaque
1862 1773 2070 1838 eodem
2102 1776 2295 1855 patre

258 1863 400 1927 nati
443 1862 678 1927 fratres
739 1864 958 1947 agnati
1009 1862 1140 1927 sibi
1192 1868 1363 1946 sunt,
1428 1863 1537 1944 qui
1599 1863 1788 1928 etiam
1852 1863 2297 1945 oonsoenyuinei

258 1955 607 2034 uocantur,
662 1973 779 2016 nec
840 1951 1220 2035 requiritur,
1276 1973 1359 2013 an
1425 1950 1619 2015 etiam
1683 1954 1957 2015 matrem
2029 1952 2295 2015 eandem

258 2041 624 2107 habuerint.
716 2041 874 2105 item
919 2045 1188 2125 patruus
1235 2039 1453 2104 fratris
1499 2040 1636 2104 filio
1675 2043 1740 2104 et
1785 2040 2064 2105 inuicem
2101 2040 2158 2104 is
2196 2040 2295 2104 ini

263 2134 540 2218 agnatus
570 2134 684 2195 est.
758 2131 983 2195 eodem
1019 2151 1288 2194 numero
1318 2134 1471 2194 sunt
1506 2129 1739 2194 fratres
1775 2129 2100 2213 patrueles
2130 2130 2298 2195 inter

263 2243 360 2305 se,
415 2219 482 2284 id
530 2223 627 2284 est
673 2220 786 2303 qui
833 2242 911 2284 ex
966 2219 1216 2284 duobus
1275 2218 1587 2283 fratribus
1650 2220 2061 2304 progenerati
2128 2223 2297 2304 sunt,

263 2331 429 2395 quos
474 2309 766 2393 plerique
813 2311 1012 2374 etiam
1059 2307 1479 2374 consobrinos
1539 2312 1804 2394 uocant3
1865 2331 1992 2393 qua
2046 2309 2297 2374 ratione

410 2546 438 2593 1
497 2537 757 2609 neptisue
797 2539 927 2594 Coll.
984 2538 1283 2608 neptisque
1327 2538 1394 2591 V.
1433 2539 1574 2593 Inst.
1764 2542 1817 2609 2)
1855 2538 1915 2592 in
1955 2539 2087 2595 Gon.
2125 2540 2264 2593 Inst.
2278 2560 2299 2605 ;

262 2629 367 2668 om.
460 2653 473 2666 .
583 2612 637 2680 3)
674 2610 1047 2664 hereditatem
1077 2610 1156 2665 W
1181 2611 1321 2665 Inst.
1359 2609 1703 2663 hereditates
1743 2609 1807 2664 V.
1917 2613 1971 2681 4)
2010 2613 2210 2681 gnatos
2229 2609 2295 2664 V.

409 2795 439 2855 ς
480 2795 528 2843 9.
587 2816 655 2834 =
687 2789 818 2844 Coa.
880 2794 965 2857 16,
1003 2794 1053 2855 2,
1085 2793 1132 2842 9.
1206 2789 1276 2855 cf.
1339 2788 1455 2842 Gai
1505 2790 1632 2857 epit.
1691 2794 1742 2857 2,
1780 2793 1830 2857 8,
1860 2793 1908 2843 3.
1982 2790 2033 2843 Ι.
2082 2794 2133 2856 3,
2162 2795 2297 2858 2pr.

275 2862 398 2931 στρ.
428 2867 514 2929 26,
546 2867 594 2915 1.
654 2860 786 2916 0011.
818 2866 902 2925 16,
932 2865 982 2925 3,
1014 2866 1079 2915 18
1119 2861 1304 2929 (Paul.
1337 2860 1482 2915 Sem.
1512 2864 1562 2928 8,
1591 2866 1643 2927 4,
1683 2863 1787 2930 13).
1844 2862 1921 2915 D.
1952 2865 2037 2927 38,
2069 2866 2153 2925 16,
2187 2866 2234 2927 1,
2266 2865 2296 2913 9

264 2934 418 3004 (Uzp.
458 2934 636 3001 2513).
678 2932 736 2988 0.
794 2937 844 2998 6,
874 2937 958 2998 58,
990 2937 1019 2984 6
1077 2934 1149 3000 (a.
1190 2934 1333 3000 293).
1406 2930 1534 3002 lege
1588 2951 1668 2985 χιι
1711 2932 1853 3003 tab]
1893 2936 1943 3000 5,
1972 2936 2022 2986 4.
2095 2933 2173 2986 D.
2214 2936 2299 3000 50,

266 3010 353 3073 16,
385 3009 506 3070 195,
536 3010 565 3058 1
597 3004 748 3073 (Ulp.
790 3006 965 3072 1263).

409 3081 439 3141 ξ
481 3081 564 3130 10.
603 3102 670 3121 =
704 3074 835 3130 Gon.
878 3080 962 3142 16,
991 3080 1040 3138 2,
1073 3078 1166 3141 10,
1213 3074 1344 3129 inde
1383 3093 1420 3130 a
1456 3076 1631 3130 verbis
1675 3074 1871 3143 itaque
1917 3074 2112 3128 eodem
2151 3100 2220 3119 =
2247 3074 2298 3127 I.

266 3155 319 3216 3,
348 3155 399 3215 2,
430 3153 459 3201 1
497 3148 634 3203 med.
699 3148 770 3214 cf.
807 3162 981 3215 supra
1019 3152 1069 3214 1,
1100 3151 1218 3200 156.
1275 3147 1325 3199 Ι.
1367 3150 1418 3214 3,
1448 3152 1498 3213 2,
1530 3153 1558 3200 1
1596 3147 1675 3200 in.
1734 3151 1784 3213 3,
1814 3151 1863 3214 5,
1894 3150 1942 3199 4.
2023 3145 2140 3200 Gai
2172 3147 2298 3215 epit.

265 3227 318 3289 2,
349 3225 399 3288 8,
429 3223 478 3274 3.
543 3219 665 3288 Uzp.
696 3223 782 3285 26,
815 3224 862 3271 1.
923 3218 1053 3273 σου.
1087 3223 1172 3285 16,
1201 3222 1252 3285 3,
1282 3221 1376 3283 13,
1416 3223 1483 3271 15
1514 3218 1700 3285 (Paul.
1731 3218 1875 3273 Sem.
1907 3222 1956 3283 8,
1986 3223 2037 3284 4,
2069 3222 2162 3282 133
2195 3219 2298 3286 15).

268 3297 355 3359 16,
384 3296 493 3358 6,1
544 3290 696 3360 (Ulp.
737 3290 912 3357 1926).
970 3290 1044 3344 D.
1085 3293 1427 3357 38,16,2,1
1485 3288 1641 3359 (Uzp.
1690 3291 1866 3358 2524).
1920 3293 2006 3356 88,
2036 3294 2200 3357 16,1,
2233 3294 2300 3343 10

265 3363 424 3435 (Uzp.
463 3364 640 3431 2513).
681 3365 766 3427 38,
806 3366 893 3428 10,
931 3365 1016 3428 10,
1053 3365 1086 3413 4
1125 3360 1312 3429 (Paul.
1353 3362 1496 3429 876).
1554 3364 1641 3427 38,
1671 3366 1721 3428 7,
1751 3365 1782 3413 5
1808 3378 1899 3429 pr.
1938 3360 2117 3428 (Mod.
2158 3362 2297 3429 105).

263 3434 526 3504 legitima
563 3431 922 3503 cognatione]
959 3432 1029 3498 cf.
1058 3433 1135 3488 D.
1167 3436 1253 3498 23,
1283 3438 1334 3499 2,
1366 3437 1450 3499 12,
1479 3436 1512 3484 4
1541 3432 1693 3501 (Ulp.
1716 3434 1891 3500 2688).
1933 3437 2017 3497 38,
2049 3438 2135 3500 16,
2164 3438 2195 3485 2
2207 3450 2298 3502 pr.

266 3507 423 3577 (Um
461 3508 639 3575 2524).
714 3502 1098 3575 consobrinos]
1155 3504 1225 3570 cf.
1273 3505 1323 3557 I.
1363 3509 1415 3571 3,
1444 3508 1494 3571 6,
1523 3508 1573 3557 4.
1627 3505 1705 3558 D.
1745 3508 1831 3572 38,
1861 3508 1947 3573 10,
1977 3510 2026 3573 1,
2058 3511 2088 3559 6
2145 3504 2298 3574 (Gai.

268 3583 411 3650 200).
469 3582 555 3631 88.
596 3582 680 3644 1ο,
712 3581 797 3638 10,
828 3581 893 3630 15
932 3577 1120 3645 (Paul.
1158 3578 1301 3645 876).
