<?xml version="1.0" encoding="UTF-8"?>
<!DOCTYPE html PUBLIC "-//W3C//DTD XHTML 1.0 Transitional//EN"
    "http://www.w3.org/TR/xhtml1/DTD/xhtml1-transitional.dtd">
<html xmlns="http://www.w3.org/1999/xhtml" xml:lang="en" lang="en">
 <head>
  <title>
</title>
<meta http-equiv="Content-Type" content="text/html;charset=utf-8" />
  <meta name='ocr-system' content='tesseract 3.04.00' />
  <meta name='ocr-capabilities' content='ocr_page ocr_carea ocr_par ocr_line ocrx_word'/>
</head>
<body>
  <div class='ocr_page' id='page_1' title='image "./ivrisprvdentiae00kbgoog/ivrisprvdentiae00kbgoog_0060.png"; bbox 0 0 2650 3917; ppageno 0'>
   <div class='ocr_carea' id='block_1_1' title="bbox 353 130 2004 231">
    <p class='ocr_par' dir='ltr' id='par_1_1' title="bbox 353 130 2004 231">
     <span class='ocr_line' id='line_1_1' title="bbox 353 130 2004 231; baseline -0.004 0"><span class='ocrx_word' id='word_1_1' title='bbox 353 167 448 231; x_wconf 81' lang='grc'>24</span> <span class='ocrx_word' id='word_1_2' title='bbox 602 130 606 133; x_wconf 52' lang='grc'><strong>’</strong></span> <span class='ocrx_word' id='word_1_3' title='bbox 743 167 816 222; x_wconf 80' lang='lat' dir='ltr'>M.</span> <span class='ocrx_word' id='word_1_4' title='bbox 856 167 1161 223; x_wconf 76' lang='lat' dir='ltr'><strong>TVLLIVS</strong></span> <span class='ocrx_word' id='word_1_5' title='bbox 1200 166 1459 224; x_wconf 68' lang='lat' dir='ltr'>ommno</span> <span class='ocrx_word' id='word_1_6' title='bbox 1498 199 1569 209; x_wconf 87' lang='lat'><em>-</em></span> <span class='ocrx_word' id='word_1_7' title='bbox 1605 168 1664 223; x_wconf 89' lang='lat' dir='ltr'>L.</span> <span class='ocrx_word' id='word_1_8' title='bbox 1705 168 2004 224; x_wconf 75' lang='lat' dir='ltr'>cmcrvs</span> 
     </span>
    </p>
   </div>
   <div class='ocr_carea' id='block_1_2' title="bbox 304 330 2391 770">
    <p class='ocr_par' dir='ltr' id='par_1_2' title="bbox 356 330 2391 682">
     <span class='ocr_line' id='line_1_2' title="bbox 356 330 2389 417; baseline 0.002 -23"><span class='ocrx_word' id='word_1_9' title='bbox 356 352 515 395; x_wconf 85' lang='grc' dir='ltr'><strong><em>ποτε</em></strong></span> <span class='ocrx_word' id='word_1_10' title='bbox 560 341 695 397; x_wconf 81' lang='grc' dir='ltr'>τῶν</span> <span class='ocrx_word' id='word_1_11' title='bbox 740 333 1016 417; x_wconf 80' lang='grc' dir='ltr'><em>τάφρων</em></span> <span class='ocrx_word' id='word_1_12' title='bbox 1052 330 1162 398; x_wconf 85' lang='grc' dir='ltr'>καὶ</span> <span class='ocrx_word' id='word_1_13' title='bbox 1199 356 1318 416; x_wconf 82' lang='grc' dir='ltr'>μη·</span> <span class='ocrx_word' id='word_1_14' title='bbox 1427 352 1538 397; x_wconf 78' lang='lat' dir='ltr'>nee</span> <span class='ocrx_word' id='word_1_15' title='bbox 1582 333 1859 414; x_wconf 78' lang='lat' dir='ltr'>amplius</span> <span class='ocrx_word' id='word_1_16' title='bbox 1903 354 2137 415; x_wconf 77' lang='lat' dir='ltr'>aquam</span> <span class='ocrx_word' id='word_1_17' title='bbox 2182 338 2389 399; x_wconf 71' lang='lat' dir='ltr'>brans-</span> 
     </span>
     <span class='ocr_line' id='line_1_3' title="bbox 357 418 2390 506; baseline 0.002 -23"><span class='ocrx_word' id='word_1_18' title='bbox 357 418 494 484; x_wconf 80' lang='grc' dir='ltr'><strong><em>κέτι</em></strong></span> <span class='ocrx_word' id='word_1_19' title='bbox 587 419 1082 506; x_wconf 78' lang='grc' dir='ltr'><em>διαρρεομένων</em></span> <span class='ocrx_word' id='word_1_20' title='bbox 1160 423 1319 498; x_wconf 83' lang='grc' dir='ltr'><em>τοὺς</em></span> <span class='ocrx_word' id='word_1_21' title='bbox 1428 422 1734 487; x_wconf 71' lang='lat' dir='ltr'><strong><em>mittentes</em></strong></span> <span class='ocrx_word' id='word_1_22' title='bbox 1768 443 1811 487; x_wconf 86' lang='lat' dir='ltr'>a</span> <span class='ocrx_word' id='word_1_23' title='bbox 1846 422 2197 488; x_wconf 68' lang='lat' dir='ltr'><strong><em>censoribus</em></strong></span> <span class='ocrx_word' id='word_1_24' title='bbox 2226 443 2390 504; x_wconf 76' lang='lat' dir='ltr'>pm·-</span> 
     </span>
     <span class='ocr_line' id='line_1_4' title="bbox 359 508 2391 595; baseline 0.002 -22"><span class='ocrx_word' id='word_1_25' title='bbox 359 510 628 592; x_wconf 78' lang='grc' dir='ltr'><strong><em>τιμητὰς</em></strong></span> <span class='ocrx_word' id='word_1_26' title='bbox 673 511 796 593; x_wconf 85' lang='grc' dir='ltr'>τὴν</span> <span class='ocrx_word' id='word_1_27' title='bbox 851 508 1318 595; x_wconf 77' lang='grc' dir='ltr'><em>ἀνακάθαρσιν</em></span> <span class='ocrx_word' id='word_1_28' title='bbox 1420 511 1676 593; x_wconf 73' lang='lat' dir='ltr'>yandas</span> <span class='ocrx_word' id='word_1_29' title='bbox 1719 517 1776 575; x_wconf 76' lang='lat' dir='ltr'>et</span> <span class='ocrx_word' id='word_1_30' title='bbox 1812 512 2183 595; x_wconf 72' lang='lat' dir='ltr'>reficiendas</span> <span class='ocrx_word' id='word_1_31' title='bbox 2218 511 2391 578; x_wconf 82' lang='lat' dir='ltr'>mille</span> 
     </span>
     <span class='ocr_line' id='line_1_5' title="bbox 356 596 2138 682; baseline 0.002 -20"><span class='ocrx_word' id='word_1_32' title='bbox 356 596 580 663; x_wconf 83' lang='grc' dir='ltr'><em>αὐτῶν</em></span> <span class='ocrx_word' id='word_1_33' title='bbox 623 597 734 663; x_wconf 84' lang='grc' dir='ltr'>καὶ</span> <span class='ocrx_word' id='word_1_34' title='bbox 784 600 908 682; x_wconf 85' lang='grc' dir='ltr'>τὴν</span> <span class='ocrx_word' id='word_1_35' title='bbox 962 598 1318 682; x_wconf 82' lang='grc' dir='ltr'><em>ἐπισκευὴν</em></span> <span class='ocrx_word' id='word_1_36' title='bbox 1425 600 1678 665; x_wconf 73' lang='lat' dir='ltr'>talentis</span> <span class='ocrx_word' id='word_1_37' title='bbox 1720 600 1954 666; x_wconf 80' lang='lat' dir='ltr'>locatas</span> <span class='ocrx_word' id='word_1_38' title='bbox 1997 620 2138 667; x_wconf 87' lang='lat' dir='ltr'>esse.</span> 
     </span>
    </p>

    <p class='ocr_par' dir='ltr' id='par_1_3' title="bbox 304 688 1316 770">
     <span class='ocr_line' id='line_1_6' title="bbox 304 688 1316 770; baseline 0.003 -19"><span class='ocrx_word' id='word_1_39' title='bbox 304 712 327 751; x_wconf 76' lang='lat'><strong>5</strong></span> <span class='ocrx_word' id='word_1_40' title='bbox 357 688 591 770; x_wconf 81' lang='grc' dir='ltr'><em>χιλίων</em></span> <span class='ocrx_word' id='word_1_41' title='bbox 667 693 1025 769; x_wconf 81' lang='grc' dir='ltr'><em>μισθῶσαι</em></span> <span class='ocrx_word' id='word_1_42' title='bbox 1079 690 1316 754; x_wconf 80' lang='grc' dir='ltr'><em>ταλαν-</em></span> 
     </span>
    </p>
   </div>
   <div class='ocr_carea' id='block_1_3' title="bbox 357 776 1314 861">
    <p class='ocr_par' dir='ltr' id='par_1_4' title="bbox 357 776 1314 861">
     <span class='ocr_line' id='line_1_7' title="bbox 357 776 1314 861; baseline 0.003 -21"><span class='ocrx_word' id='word_1_43' title='bbox 357 799 506 841; x_wconf 82' lang='grc' dir='ltr'><strong>των.</strong></span> <span class='ocrx_word' id='word_1_44' title='bbox 534 776 906 861; x_wconf 68' lang='lat' dir='ltr'>—Dionys</span> <span class='ocrx_word' id='word_1_45' title='bbox 936 778 1090 842; x_wconf 83' lang='lat' dir='ltr'>Hal.</span> <span class='ocrx_word' id='word_1_46' title='bbox 1120 778 1181 859; x_wconf 84' lang='lat'>3,</span> <span class='ocrx_word' id='word_1_47' title='bbox 1212 778 1314 843; x_wconf 87' lang='grc'>67.</span> 
     </span>
    </p>
   </div>
   <div class='ocr_carea' id='block_1_4' title="bbox 915 1007 1872 1184">
    <p class='ocr_par' dir='ltr' id='par_1_5' title="bbox 915 1007 1872 1184">
     <span class='ocr_line' id='line_1_8' title="bbox 915 1007 1826 1075; baseline -0.001 -1"><span class='ocrx_word' id='word_1_48' title='bbox 915 1008 1002 1074; x_wconf 91' lang='grc' dir='ltr'>Μ.</span> <span class='ocrx_word' id='word_1_49' title='bbox 1067 1008 1442 1074; x_wconf 83' lang='lat' dir='ltr'><strong>TVLLIVS</strong></span> <span class='ocrx_word' id='word_1_50' title='bbox 1510 1007 1826 1075; x_wconf 82' lang='lat' dir='ltr'>CICERO</span> 
     </span>
     <span class='ocr_line' id='line_1_9' title="bbox 935 1114 1872 1184; baseline 0 -17"><span class='ocrx_word' id='word_1_51' title='bbox 935 1116 1122 1180; x_wconf 75' lang='lat' dir='ltr'>(natus</span> <span class='ocrx_word' id='word_1_52' title='bbox 1162 1130 1212 1167; x_wconf 81' lang='lat' dir='ltr'>a.</span> <span class='ocrx_word' id='word_1_53' title='bbox 1250 1130 1305 1167; x_wconf 89' lang='lat' dir='ltr'>u.</span> <span class='ocrx_word' id='word_1_54' title='bbox 1337 1119 1457 1168; x_wconf 84' lang='lat'><strong><em>648.</em></strong></span> <span class='ocrx_word' id='word_1_55' title='bbox 1498 1114 1643 1168; x_wconf 74' lang='lat' dir='ltr'>obiit</span> <span class='ocrx_word' id='word_1_56' title='bbox 1683 1117 1822 1184; x_wconf 89' lang='grc'><strong>711).</strong></span> <span class='ocrx_word' id='word_1_57' title='bbox 1867 1132 1872 1138; x_wconf 88' lang='grc'><em>·</em></span> 
     </span>
    </p>
   </div>
   <div class='ocr_carea' id='block_1_5' title="bbox 522 1238 2215 1295">
    <p class='ocr_par' dir='ltr' id='par_1_6' title="bbox 522 1238 2215 1295">
     <span class='ocr_line' id='line_1_10' title="bbox 522 1238 2215 1295; baseline -0.001 -1"><span class='ocrx_word' id='word_1_58' title='bbox 522 1239 645 1294; x_wconf 88' lang='lat' dir='ltr'>DE</span> <span class='ocrx_word' id='word_1_59' title='bbox 678 1239 892 1295; x_wconf 86' lang='lat' dir='ltr'><strong><em>IVRE</em></strong></span> <span class='ocrx_word' id='word_1_60' title='bbox 929 1239 1197 1295; x_wconf 81' lang='lat' dir='ltr'><strong><em>01V1LI</em></strong></span> <span class='ocrx_word' id='word_1_61' title='bbox 1224 1239 1327 1293; x_wconf 90' lang='lat' dir='ltr'>IN</span> <span class='ocrx_word' id='word_1_62' title='bbox 1359 1240 1664 1294; x_wconf 83' lang='lat' dir='ltr'><strong><em>&#39;ARTEM</em></strong></span> <span class='ocrx_word' id='word_1_63' title='bbox 1695 1238 2215 1295; x_wconf 74' lang='lat' dir='ltr'><strong><em>REDIGENDO.</em></strong></span> 
     </span>
    </p>
   </div>
   <div class='ocr_carea' id='block_1_6' title="bbox 271 1346 2391 1878">
    <p class='ocr_par' dir='ltr' id='par_1_7' title="bbox 274 1346 2388 1433">
     <span class='ocr_line' id='line_1_11' title="bbox 274 1346 2388 1433; baseline 0 -21"><span class='ocrx_word' id='word_1_64' title='bbox 274 1374 326 1413; x_wconf 81' lang='grc' dir='ltr'>ιο</span> <span class='ocrx_word' id='word_1_65' title='bbox 488 1348 535 1413; x_wconf 93' lang='lat'>1.</span> <span class='ocrx_word' id='word_1_66' title='bbox 582 1347 670 1412; x_wconf 89' lang='grc' dir='ltr'>Μ.</span> <span class='ocrx_word' id='word_1_67' title='bbox 708 1351 926 1412; x_wconf 79' lang='lat' dir='ltr'>autem</span> <span class='ocrx_word' id='word_1_68' title='bbox 978 1346 1201 1413; x_wconf 89' lang='lat' dir='ltr'>Cicero</span> <span class='ocrx_word' id='word_1_69' title='bbox 1247 1348 1317 1412; x_wconf 88' lang='lat' dir='ltr'>in</span> <span class='ocrx_word' id='word_1_70' title='bbox 1362 1348 1559 1432; x_wconf 81' lang='lat' dir='ltr'>libro,</span> <span class='ocrx_word' id='word_1_71' title='bbox 1606 1348 1718 1433; x_wconf 89' lang='lat' dir='ltr'>qui</span> <span class='ocrx_word' id='word_1_72' title='bbox 1764 1347 2116 1433; x_wconf 73' lang='lat' dir='ltr'>inscriptus</span> <span class='ocrx_word' id='word_1_73' title='bbox 2164 1352 2261 1412; x_wconf 77' lang='lat' dir='ltr'>est</span> <span class='ocrx_word' id='word_1_74' title='bbox 2308 1348 2388 1412; x_wconf 90' lang='lat' dir='ltr'>de</span> 
     </span>
    </p>

    <p class='ocr_par' dir='ltr' id='par_1_8' title="bbox 336 1436 2389 1523">
     <span class='ocr_line' id='line_1_12' title="bbox 336 1436 2389 1523; baseline 0.001 -23"><span class='ocrx_word' id='word_1_75' title='bbox 336 1436 492 1500; x_wconf 58' lang='lat' dir='ltr'>&gt;iure</span> <span class='ocrx_word' id='word_1_76' title='bbox 529 1436 709 1501; x_wconf 89' lang='lat' dir='ltr'>ciuili</span> <span class='ocrx_word' id='word_1_77' title='bbox 735 1436 806 1501; x_wconf 90' lang='lat' dir='ltr'>in</span> <span class='ocrx_word' id='word_1_78' title='bbox 843 1440 1049 1501; x_wconf 67' lang='lat' dir='ltr'>mem</span> <span class='ocrx_word' id='word_1_79' title='bbox 1086 1437 1453 1523; x_wconf 86' lang='lat' dir='ltr'>redigendo,</span> <span class='ocrx_word' id='word_1_80' title='bbox 1499 1437 1699 1501; x_wconf 83' lang='lat' dir='ltr'>uerba</span> <span class='ocrx_word' id='word_1_81' title='bbox 1733 1437 1893 1502; x_wconf 88' lang='lat' dir='ltr'>haec</span> <span class='ocrx_word' id='word_1_82' title='bbox 1928 1437 2175 1522; x_wconf 74' lang='lat' dir='ltr'>posuit:</span> <span class='ocrx_word' id='word_1_83' title='bbox 2224 1436 2389 1503; x_wconf 73' lang='lat' dir='ltr'>‘Nec</span> 
     </span>
    </p>

    <p class='ocr_par' dir='ltr' id='par_1_9' title="bbox 351 1525 2388 1699">
     <span class='ocr_line' id='line_1_13' title="bbox 351 1525 2388 1603; baseline 0.001 -14"><span class='ocrx_word' id='word_1_84' title='bbox 351 1547 531 1590; x_wconf 88' lang='lat' dir='ltr'>uero</span> <span class='ocrx_word' id='word_1_85' title='bbox 574 1525 843 1591; x_wconf 74' lang='lat' dir='ltr'>scientia</span> <span class='ocrx_word' id='word_1_86' title='bbox 903 1525 1066 1590; x_wconf 89' lang='lat' dir='ltr'>iuris</span> <span class='ocrx_word' id='word_1_87' title='bbox 1129 1526 1486 1591; x_wconf 82' lang='lat' dir='ltr'>maioribus</span> <span class='ocrx_word' id='word_1_88' title='bbox 1550 1526 1686 1592; x_wconf 88' lang='lat' dir='ltr'>suis</span> <span class='ocrx_word' id='word_1_89' title='bbox 1733 1525 1805 1603; x_wconf 84' lang='lat' dir='ltr'>Q.</span> <span class='ocrx_word' id='word_1_90' title='bbox 1842 1526 2069 1591; x_wconf 86' lang='lat' dir='ltr'>Aelius</span> <span class='ocrx_word' id='word_1_91' title='bbox 2129 1525 2388 1591; x_wconf 82' lang='lat' dir='ltr'>Tubero</span> 
     </span>
     <span class='ocr_line' id='line_1_14' title="bbox 353 1613 2248 1700; baseline 0.002 -23"><span class='ocrx_word' id='word_1_92' title='bbox 353 1613 574 1698; x_wconf 75' lang='lat' dir='ltr'>defuit,</span> <span class='ocrx_word' id='word_1_93' title='bbox 623 1614 914 1679; x_wconf 76' lang='lat' dir='ltr'>doctrina</span> <span class='ocrx_word' id='word_1_94' title='bbox 959 1615 1154 1680; x_wconf 74' lang='lat' dir='ltr'>etiarn</span> <span class='ocrx_word' id='word_1_95' title='bbox 1202 1615 1565 1699; x_wconf 72' lang='lat' dir='ltr'>superfuih&#39;.</span> <span class='ocrx_word' id='word_1_96' title='bbox 1613 1653 1700 1663; x_wconf 92' lang='lat'>—-</span> <span class='ocrx_word' id='word_1_97' title='bbox 1752 1615 1909 1682; x_wconf 67' lang='lat' dir='ltr'>Gall.</span> <span class='ocrx_word' id='word_1_98' title='bbox 1952 1616 2009 1700; x_wconf 90' lang='lat' dir='ltr'>l,</span> <span class='ocrx_word' id='word_1_99' title='bbox 2045 1616 2151 1700; x_wconf 90' lang='grc'>22,</span> <span class='ocrx_word' id='word_1_100' title='bbox 2192 1618 2248 1681; x_wconf 85' lang='lat'>7.</span> 
     </span>
    </p>

    <p class='ocr_par' dir='ltr' id='par_1_10' title="bbox 487 1703 2391 1788">
     <span class='ocr_line' id='line_1_15' title="bbox 487 1703 2391 1788; baseline 0.001 -19"><span class='ocrx_word' id='word_1_101' title='bbox 487 1704 543 1770; x_wconf 94' lang='grc'>2.</span> <span class='ocrx_word' id='word_1_102' title='bbox 595 1703 817 1769; x_wconf 87' lang='lat' dir='ltr'>Cicero</span> <span class='ocrx_word' id='word_1_103' title='bbox 865 1704 942 1768; x_wconf 88' lang='lat' dir='ltr'>de</span> <span class='ocrx_word' id='word_1_104' title='bbox 989 1705 1130 1769; x_wconf 88' lang='lat' dir='ltr'>iure</span> <span class='ocrx_word' id='word_1_105' title='bbox 1177 1704 1383 1769; x_wconf 79' lang='lat' dir='ltr'>ciuili.</span> <span class='ocrx_word' id='word_1_106' title='bbox 1444 1704 1710 1788; x_wconf 79' lang='lat' dir='ltr'>‘Aliquo</span> <span class='ocrx_word' id='word_1_107' title='bbox 1759 1704 2110 1770; x_wconf 74' lang='lat' dir='ltr'>excellente</span> <span class='ocrx_word' id='word_1_108' title='bbox 2156 1725 2231 1769; x_wconf 84' lang='lat' dir='ltr'>ac</span> <span class='ocrx_word' id='word_1_109' title='bbox 2274 1726 2391 1770; x_wconf 90' lang='lat' dir='ltr'>no-</span> 
     </span>
    </p>

    <p class='ocr_par' dir='ltr' id='par_1_11' title="bbox 271 1792 2384 1878">
     <span class='ocr_line' id='line_1_16' title="bbox 271 1792 2384 1878; baseline 0.001 -22"><span class='ocrx_word' id='word_1_110' title='bbox 271 1816 321 1857; x_wconf 84' lang='lat'>15</span> <span class='ocrx_word' id='word_1_111' title='bbox 342 1792 482 1857; x_wconf 89' lang='lat' dir='ltr'>bile</span> <span class='ocrx_word' id='word_1_112' title='bbox 528 1793 714 1859; x_wconf 86' lang='lat' dir='ltr'>uiro&#39;.</span> <span class='ocrx_word' id='word_1_113' title='bbox 743 1831 830 1841; x_wconf 93' lang='lat'>—-</span> <span class='ocrx_word' id='word_1_114' title='bbox 862 1792 1108 1860; x_wconf 73' lang='lat' dir='ltr'>this.</span> <span class='ocrx_word' id='word_1_115' title='bbox 1137 1795 1281 1860; x_wconf 77' lang='lat' dir='ltr'>inst.</span> <span class='ocrx_word' id='word_1_116' title='bbox 1308 1815 1578 1877; x_wconf 74' lang='lat' dir='ltr'>yramm.</span> <span class='ocrx_word' id='word_1_117' title='bbox 1613 1796 1670 1878; x_wconf 87' lang='lat'>1,</span> <span class='ocrx_word' id='word_1_118' title='bbox 1702 1795 1781 1858; x_wconf 84' lang='lat'>17</span> <span class='ocrx_word' id='word_1_119' title='bbox 1819 1816 1890 1877; x_wconf 75' lang='lat' dir='ltr'>p.</span> <span class='ocrx_word' id='word_1_120' title='bbox 1924 1793 2050 1858; x_wconf 85' lang='lat'>138</span> <span class='ocrx_word' id='word_1_121' title='bbox 2093 1794 2185 1859; x_wconf 81' lang='lat' dir='ltr'>ed.</span> <span class='ocrx_word' id='word_1_122' title='bbox 2211 1793 2384 1859; x_wconf 82' lang='lat' dir='ltr'><em>Keil.</em></span> 
     </span>
    </p>
   </div>
   <div class='ocr_carea' id='block_1_7' title="bbox 1131 1959 1601 2078">
    <p class='ocr_par' dir='ltr' id='par_1_12' title="bbox 1131 1959 1601 2078">
     <span class='ocr_line' id='line_1_17' title="bbox 1131 1959 1601 2078; baseline 0 -23"><span class='ocrx_word' id='word_1_123' title='bbox 1131 1989 1204 2078; x_wconf 79' lang='lat' dir='ltr'>L.</span> <span class='ocrx_word' id='word_1_124' title='bbox 1254 1959 1601 2055; x_wconf 77' lang='lat' dir='ltr'>cmcws</span> 
     </span>
    </p>
   </div>
   <div class='ocr_carea' id='block_1_8' title="bbox 958 2092 1777 2165">
    <p class='ocr_par' dir='ltr' id='par_1_13' title="bbox 958 2092 1777 2165">
     <span class='ocr_line' id='line_1_18' title="bbox 958 2092 1777 2165; baseline -0.001 -17"><span class='ocrx_word' id='word_1_125' title='bbox 958 2093 1260 2165; x_wconf 86' lang='lat' dir='ltr'>(Ciceronis</span> <span class='ocrx_word' id='word_1_126' title='bbox 1298 2093 1416 2148; x_wconf 86' lang='lat' dir='ltr'>fere</span> <span class='ocrx_word' id='word_1_127' title='bbox 1455 2092 1777 2165; x_wconf 80' lang='lat' dir='ltr'>aequalis).¹</span> 
     </span>
    </p>
   </div>
   <div class='ocr_carea' id='block_1_9' title="bbox 1142 2217 1595 2275">
    <p class='ocr_par' dir='ltr' id='par_1_14' title="bbox 1142 2217 1595 2275">
     <span class='ocr_line' id='line_1_19' title="bbox 1142 2217 1595 2275; baseline -0.002 -2"><span class='ocrx_word' id='word_1_128' title='bbox 1142 2219 1267 2273; x_wconf 88' lang='lat' dir='ltr'>DE</span> <span class='ocrx_word' id='word_1_129' title='bbox 1297 2217 1456 2275; x_wconf 80' lang='lat' dir='ltr'>FAS</span> <span class='ocrx_word' id='word_1_130' title='bbox 1461 2219 1595 2273; x_wconf 86' lang='lat' dir='ltr'><strong><em>TIS.</em></strong></span> 
     </span>
    </p>
   </div>
   <div class='ocr_carea' id='block_1_10' title="bbox 268 2327 2387 2841">
    <p class='ocr_par' dir='ltr' id='par_1_15' title="bbox 485 2327 2387 2414">
     <span class='ocr_line' id='line_1_20' title="bbox 485 2327 2387 2414; baseline 0 -21"><span class='ocrx_word' id='word_1_131' title='bbox 485 2329 532 2393; x_wconf 92' lang='lat'>1.</span> <span class='ocrx_word' id='word_1_132' title='bbox 582 2327 841 2394; x_wconf 79' lang='lat' dir='ltr'>Cincius</span> <span class='ocrx_word' id='word_1_133' title='bbox 888 2329 959 2393; x_wconf 89' lang='lat' dir='ltr'>in</span> <span class='ocrx_word' id='word_1_134' title='bbox 1005 2350 1080 2393; x_wconf 93' lang='lat' dir='ltr'>eo</span> <span class='ocrx_word' id='word_1_135' title='bbox 1126 2328 1313 2413; x_wconf 82' lang='lat' dir='ltr'>libre,</span> <span class='ocrx_word' id='word_1_136' title='bbox 1362 2349 1554 2413; x_wconf 90' lang='lat' dir='ltr'>quem</span> <span class='ocrx_word' id='word_1_137' title='bbox 1602 2328 1679 2392; x_wconf 90' lang='lat' dir='ltr'>de</span> <span class='ocrx_word' id='word_1_138' title='bbox 1724 2328 1912 2392; x_wconf 73' lang='lat' dir='ltr'>fastis</span> <span class='ocrx_word' id='word_1_139' title='bbox 1959 2327 2241 2414; x_wconf 73' lang='lat' dir='ltr'>reliquit,</span> <span class='ocrx_word' id='word_1_140' title='bbox 2288 2330 2387 2393; x_wconf 75' lang='lat' dir='ltr'>ait</span> 
     </span>
    </p>

    <p class='ocr_par' dir='ltr' id='par_1_16' title="bbox 268 2415 2386 2841">
     <span class='ocr_line' id='line_1_21' title="bbox 268 2415 2382 2502; baseline 0 -20"><span class='ocrx_word' id='word_1_141' title='bbox 268 2441 319 2482; x_wconf 80' lang='lat'>20</span> <span class='ocrx_word' id='word_1_142' title='bbox 349 2417 648 2502; x_wconf 74' lang='lat' dir='ltr'>imperite</span> <span class='ocrx_word' id='word_1_143' title='bbox 706 2417 1019 2501; x_wconf 81' lang='lat' dir='ltr'>quosdam</span> <span class='ocrx_word' id='word_1_144' title='bbox 1075 2417 1329 2501; x_wconf 83' lang='lat' dir='ltr'>opinari</span> <span class='ocrx_word' id='word_1_145' title='bbox 1381 2415 1678 2502; x_wconf 86' lang='lat' dir='ltr'>Aprilem</span> <span class='ocrx_word' id='word_1_146' title='bbox 1733 2439 2020 2482; x_wconf 90' lang='lat' dir='ltr'>mensem</span> <span class='ocrx_word' id='word_1_147' title='bbox 2077 2418 2382 2501; x_wconf 76' lang='lat' dir='ltr'>antiquos</span> 
     </span>
     <span class='ocr_line' id='line_1_22' title="bbox 330 2505 2383 2591; baseline 0 -20"><span class='ocrx_word' id='word_1_148' title='bbox 330 2530 386 2571; x_wconf 68' lang='lat' dir='ltr'>⁴a.</span> <span class='ocrx_word' id='word_1_149' title='bbox 430 2506 681 2572; x_wconf 82' lang='lat' dir='ltr'>Venere</span> <span class='ocrx_word' id='word_1_150' title='bbox 737 2506 1004 2591; x_wconf 81' lang='lat' dir='ltr'>dixisse,</span> <span class='ocrx_word' id='word_1_151' title='bbox 1057 2526 1207 2571; x_wconf 90' lang='lat' dir='ltr'>cum</span> <span class='ocrx_word' id='word_1_152' title='bbox 1259 2505 1479 2571; x_wconf 88' lang='lat' dir='ltr'>nullus</span> <span class='ocrx_word' id='word_1_153' title='bbox 1537 2507 1673 2571; x_wconf 88' lang='lat' dir='ltr'>dies</span> <span class='ocrx_word' id='word_1_154' title='bbox 1739 2506 1943 2571; x_wconf 75' lang='lat' dir='ltr'>festus</span> <span class='ocrx_word' id='word_1_155' title='bbox 1998 2505 2383 2591; x_wconf 85' lang='lat' dir='ltr'>nullumque</span> 
     </span>
     <span class='ocr_line' id='line_1_23' title="bbox 347 2594 2385 2683; baseline 0 -21"><span class='ocrx_word' id='word_1_156' title='bbox 347 2596 736 2662; x_wconf 80' lang='lat' dir='ltr'>sacrificium</span> <span class='ocrx_word' id='word_1_157' title='bbox 781 2596 1037 2683; x_wconf 80' lang='lat' dir='ltr'>insigne</span> <span class='ocrx_word' id='word_1_158' title='bbox 1083 2594 1323 2660; x_wconf 89' lang='lat' dir='ltr'>Veneri</span> <span class='ocrx_word' id='word_1_159' title='bbox 1369 2617 1487 2680; x_wconf 88' lang='lat' dir='ltr'>per</span> <span class='ocrx_word' id='word_1_160' title='bbox 1529 2594 1702 2660; x_wconf 91' lang='lat' dir='ltr'>hunc</span> <span class='ocrx_word' id='word_1_161' title='bbox 1756 2618 2044 2660; x_wconf 91' lang='lat' dir='ltr'>mensem</span> <span class='ocrx_word' id='word_1_162' title='bbox 2090 2618 2128 2659; x_wconf 87' lang='lat' dir='ltr'>a</span> <span class='ocrx_word' id='word_1_163' title='bbox 2182 2597 2385 2662; x_wconf 86' lang='lat' dir='ltr'>maio-</span> 
     </span>
     <span class='ocr_line' id='line_1_24' title="bbox 346 2683 2386 2769; baseline 0 -20"><span class='ocrx_word' id='word_1_164' title='bbox 346 2685 526 2750; x_wconf 82' lang='lat' dir='ltr'>ribus</span> <span class='ocrx_word' id='word_1_165' title='bbox 590 2685 966 2750; x_wconf 74' lang='lat' dir='ltr'>institutum</span> <span class='ocrx_word' id='word_1_166' title='bbox 1032 2683 1146 2767; x_wconf 80' lang='lat' dir='ltr'>sit,</span> <span class='ocrx_word' id='word_1_167' title='bbox 1212 2684 1324 2749; x_wconf 90' lang='lat' dir='ltr'>sed</span> <span class='ocrx_word' id='word_1_168' title='bbox 1387 2707 1467 2749; x_wconf 89' lang='lat' dir='ltr'>ne</span> <span class='ocrx_word' id='word_1_169' title='bbox 1526 2686 1596 2748; x_wconf 89' lang='lat' dir='ltr'>in</span> <span class='ocrx_word' id='word_1_170' title='bbox 1659 2685 2055 2750; x_wconf 80' lang='lat' dir='ltr'>carminibus</span> <span class='ocrx_word' id='word_1_171' title='bbox 2121 2685 2386 2769; x_wconf 89' lang='lat' dir='ltr'>quidem</span> 
     </span>
     <span class='ocr_line' id='line_1_25' title="bbox 351 2772 2383 2841; baseline 0 -2"><span class='ocrx_word' id='word_1_172' title='bbox 351 2773 675 2839; x_wconf 85' lang='lat' dir='ltr'>Saliorum</span> <span class='ocrx_word' id='word_1_173' title='bbox 722 2772 994 2838; x_wconf 88' lang='lat' dir='ltr'>Veneris</span> <span class='ocrx_word' id='word_1_174' title='bbox 1050 2772 1186 2838; x_wconf 84' lang='lat' dir='ltr'>ulla</span> <span class='ocrx_word' id='word_1_175' title='bbox 1239 2777 1314 2838; x_wconf 76' lang='lat' dir='ltr'>ut</span> <span class='ocrx_word' id='word_1_176' title='bbox 1377 2778 1734 2839; x_wconf 76' lang='lat' dir='ltr'>ceterorum</span> <span class='ocrx_word' id='word_1_177' title='bbox 1800 2774 2176 2841; x_wconf 76' lang='lat' dir='ltr'>caelestium</span> <span class='ocrx_word' id='word_1_178' title='bbox 2238 2775 2383 2840; x_wconf 82' lang='lat' dir='ltr'>laus</span> 
     </span>
    </p>
   </div>
   <div class='ocr_carea' id='block_1_11' title="bbox 268 2862 1749 2947">
    <p class='ocr_par' dir='ltr' id='par_1_17' title="bbox 268 2862 1749 2947">
     <span class='ocr_line' id='line_1_26' title="bbox 268 2862 1749 2947; baseline 0.001 -21"><span class='ocrx_word' id='word_1_179' title='bbox 268 2887 318 2927; x_wconf 76' lang='lat'>25</span> <span class='ocrx_word' id='word_1_180' title='bbox 350 2863 723 2930; x_wconf 75' lang='lat' dir='ltr'>celebretur.</span> <span class='ocrx_word' id='word_1_181' title='bbox 770 2899 856 2910; x_wconf 90' lang='lat'><strong>—</strong></span> <span class='ocrx_word' id='word_1_182' title='bbox 903 2863 1185 2928; x_wconf 81' lang='lat' dir='ltr'>Maerob.</span> <span class='ocrx_word' id='word_1_183' title='bbox 1234 2862 1367 2928; x_wconf 76' lang='lat' dir='ltr'>Sat.</span> <span class='ocrx_word' id='word_1_184' title='bbox 1409 2863 1466 2947; x_wconf 86' lang='lat'>1,</span> <span class='ocrx_word' id='word_1_185' title='bbox 1505 2863 1607 2947; x_wconf 89' lang='grc'>12,</span> <span class='ocrx_word' id='word_1_186' title='bbox 1649 2865 1749 2928; x_wconf 89' lang='grc'>12.</span> 
     </span>
    </p>
   </div>
   <div class='ocr_carea' id='block_1_12' title="bbox 345 2990 773 3000">
    <p class='ocr_par' dir='ltr' id='par_1_18' title="bbox 345 2990 773 3000">
     <span class='ocr_line' id='line_1_27' title="bbox 345 2990 773 3000; baseline 0 0"><span class='ocrx_word' id='word_1_187' title='bbox 345 2990 773 3000; x_wconf 95' lang='lat' dir='ltr'> </span> 
     </span>
    </p>
   </div>
   <div class='ocr_carea' id='block_1_13' title="bbox 343 3056 2384 3629">
    <p class='ocr_par' dir='ltr' id='par_1_19' title="bbox 344 3056 2384 3342">
     <span class='ocr_line' id='line_1_28' title="bbox 349 3056 2384 3127; baseline 0 -16"><span class='ocrx_word' id='word_1_188' title='bbox 349 3056 406 3111; x_wconf 81' lang='grc'><strong>0.</strong></span> <span class='ocrx_word' id='word_1_189' title='bbox 444 3056 708 3123; x_wconf 76' lang='lat' dir='ltr'>Acilium,</span> <span class='ocrx_word' id='word_1_190' title='bbox 746 3057 844 3126; x_wconf 71' lang='lat' dir='ltr'>qui</span> <span class='ocrx_word' id='word_1_191' title='bbox 882 3056 1083 3111; x_wconf 80' lang='lat' dir='ltr'>Graece</span> <span class='ocrx_word' id='word_1_192' title='bbox 1118 3057 1342 3125; x_wconf 66' lang='lat' dir='ltr'>scripsit</span> <span class='ocrx_word' id='word_1_193' title='bbox 1371 3057 1658 3111; x_wconf 81' lang='lat' dir='ltr'>historiam</span> <span class='ocrx_word' id='word_1_194' title='bbox 1685 3058 1816 3126; x_wconf 80' lang='lat' dir='ltr'>(Cic.</span> <span class='ocrx_word' id='word_1_195' title='bbox 1848 3058 1913 3112; x_wconf 83' lang='lat' dir='ltr'>de</span> <span class='ocrx_word' id='word_1_196' title='bbox 1940 3058 2032 3125; x_wconf 85' lang='lat' dir='ltr'>off.</span> <span class='ocrx_word' id='word_1_197' title='bbox 2055 3062 2105 3124; x_wconf 85' lang='grc'>3,</span> <span class='ocrx_word' id='word_1_198' title='bbox 2127 3062 2214 3124; x_wconf 78' lang='grc'>32,</span> <span class='ocrx_word' id='word_1_199' title='bbox 2236 3060 2384 3127; x_wconf 78' lang='grc'><strong>116),</strong></span> 
     </span>
     <span class='ocr_line' id='line_1_29' title="bbox 344 3099 2384 3199; baseline 0.002 -18"><span class='ocrx_word' id='word_1_200' title='bbox 344 3128 762 3199; x_wconf 74' lang='lat' dir='ltr'>intelleyendum</span> <span class='ocrx_word' id='word_1_201' title='bbox 798 3144 907 3183; x_wconf 84' lang='lat' dir='ltr'>esse</span> <span class='ocrx_word' id='word_1_202' title='bbox 943 3135 1154 3198; x_wconf 73' lang='lat' dir='ltr'>putant</span> <span class='ocrx_word' id='word_1_203' title='bbox 1196 3127 1421 3194; x_wconf 77' lang='lat' dir='ltr'>Teuffel·</span> <span class='ocrx_word' id='word_1_204' title='bbox 1426 3128 1678 3184; x_wconf 79' lang='lat' dir='ltr'>Schwabe</span> <span class='ocrx_word' id='word_1_205' title='bbox 1714 3134 1744 3193; x_wconf 68' lang='grc' dir='ltr'>ἓ</span> <span class='ocrx_word' id='word_1_206' title='bbox 1782 3135 1903 3195; x_wconf 91' lang='grc'><strong>127,</strong></span> <span class='ocrx_word' id='word_1_207' title='bbox 1924 3135 1974 3183; x_wconf 95' lang='grc'>2.</span> <span class='ocrx_word' id='word_1_208' title='bbox 2046 3099 2120 3183; x_wconf 95' lang='lat' dir='ltr'>H.</span> <span class='ocrx_word' id='word_1_209' title='bbox 2159 3130 2384 3185; x_wconf 74' lang='lat' dir='ltr'>Jordan</span> 
     </span>
     <span class='ocr_line' id='line_1_30' title="bbox 353 3199 2380 3272; baseline 0 -18"><span class='ocrx_word' id='word_1_210' title='bbox 353 3199 727 3271; x_wconf 76' lang='lat' dir='ltr'>Topoyraphie</span> <span class='ocrx_word' id='word_1_211' title='bbox 760 3199 788 3253; x_wconf 92' lang='grc' dir='ltr'>Ι</span> <span class='ocrx_word' id='word_1_212' title='bbox 827 3206 875 3267; x_wconf 93' lang='grc'>1,</span> <span class='ocrx_word' id='word_1_213' title='bbox 904 3204 1008 3253; x_wconf 85' lang='grc'>442</span> <span class='ocrx_word' id='word_1_214' title='bbox 1045 3218 1103 3254; x_wconf 75' lang='lat' dir='ltr'>n.</span> <span class='ocrx_word' id='word_1_215' title='bbox 1135 3204 1220 3252; x_wconf 89' lang='grc'>60.</span> <span class='ocrx_word' id='word_1_216' title='bbox 1296 3200 1456 3254; x_wconf 80' lang='lat' dir='ltr'>Peter</span> <span class='ocrx_word' id='word_1_217' title='bbox 1507 3200 1691 3254; x_wconf 76' lang='lat' dir='ltr'>histor.</span> <span class='ocrx_word' id='word_1_218' title='bbox 1736 3200 1894 3255; x_wconf 85' lang='lat' dir='ltr'><strong><em>Rom.</em></strong></span> <span class='ocrx_word' id='word_1_219' title='bbox 1950 3202 2150 3272; x_wconf 69' lang='lat' dir='ltr'>fraym.</span> <span class='ocrx_word' id='word_1_220' title='bbox 2204 3218 2262 3269; x_wconf 81' lang='lat' dir='ltr'>p.</span> <span class='ocrx_word' id='word_1_221' title='bbox 2294 3206 2380 3256; x_wconf 85' lang='grc'>37.</span> 
     </span>
     <span class='ocr_line' id='line_1_31' title="bbox 347 3258 2253 3342; baseline 0.002 -18"><span class='ocrx_word' id='word_1_222' title='bbox 347 3270 518 3326; x_wconf 82' lang='lat' dir='ltr'>Klebs</span> <span class='ocrx_word' id='word_1_223' title='bbox 554 3273 617 3325; x_wconf 78' lang='lat' dir='ltr'>in</span> <span class='ocrx_word' id='word_1_224' title='bbox 654 3271 867 3341; x_wconf 72' lang='lat' dir='ltr'><strong><em>Pauly</em></strong></span> <span class='ocrx_word' id='word_1_225' title='bbox 882 3271 1146 3326; x_wconf 81' lang='lat' dir='ltr'>Wissowa</span> <span class='ocrx_word' id='word_1_226' title='bbox 1183 3271 1525 3342; x_wconf 77' lang='lat' dir='ltr'>Realencyel.</span> <span class='ocrx_word' id='word_1_227' title='bbox 1562 3288 1605 3326; x_wconf 89' lang='grc'>3.</span> <span class='ocrx_word' id='word_1_228' title='bbox 1635 3288 1683 3325; x_wconf 85' lang='lat' dir='ltr'>v.</span> <span class='ocrx_word' id='word_1_229' title='bbox 1721 3271 1987 3340; x_wconf 74' lang='lat' dir='ltr'>Aquilius</span> <span class='ocrx_word' id='word_1_230' title='bbox 2036 3258 2253 3328; x_wconf 56' lang='lat' dir='ltr'>Gallam.</span> 
     </span>
    </p>

    <p class='ocr_par' dir='ltr' id='par_1_20' title="bbox 343 3342 2382 3629">
     <span class='ocr_line' id='line_1_32' title="bbox 347 3342 2382 3415; baseline 0.002 -20"><span class='ocrx_word' id='word_1_231' title='bbox 347 3344 400 3411; x_wconf 91' lang='lat'>1)</span> <span class='ocrx_word' id='word_1_232' title='bbox 440 3342 625 3412; x_wconf 77' lang='lat' dir='ltr'>‘probe</span> <span class='ocrx_word' id='word_1_233' title='bbox 669 3342 1091 3414; x_wconf 67' lang='lat' dir='ltr'>distinquendaas</span> <span class='ocrx_word' id='word_1_234' title='bbox 1137 3359 1175 3396; x_wconf 86' lang='lat' dir='ltr'>a</span> <span class='ocrx_word' id='word_1_235' title='bbox 1211 3343 1280 3396; x_wconf 91' lang='lat' dir='ltr'>L.</span> <span class='ocrx_word' id='word_1_236' title='bbox 1324 3342 1512 3397; x_wconf 76' lang='lat' dir='ltr'>Cincio</span> <span class='ocrx_word' id='word_1_237' title='bbox 1550 3343 1826 3397; x_wconf 78' lang='lat' dir='ltr'>Alimento</span> <span class='ocrx_word' id='word_1_238' title='bbox 1876 3344 2172 3398; x_wconf 73' lang='lat' dir='ltr'>annalium</span> <span class='ocrx_word' id='word_1_239' title='bbox 2206 3346 2382 3415; x_wconf 57' lang='lat' dir='ltr'><strong><em>sonp-</em></strong></span> 
     </span>
     <span class='ocr_line' id='line_1_33' title="bbox 343 3413 2378 3483; baseline 0.001 -15"><span class='ocrx_word' id='word_1_240' title='bbox 343 3420 473 3480; x_wconf 79' lang='lat' dir='ltr'>tore,</span> <span class='ocrx_word' id='word_1_241' title='bbox 511 3416 610 3483; x_wconf 77' lang='lat' dir='ltr'>qui</span> <span class='ocrx_word' id='word_1_242' title='bbox 634 3420 862 3483; x_wconf 78' lang='lat' dir='ltr'>praetor</span> <span class='ocrx_word' id='word_1_243' title='bbox 896 3414 1012 3481; x_wconf 76' lang='lat' dir='ltr'>fuit</span> <span class='ocrx_word' id='word_1_244' title='bbox 1046 3431 1097 3468; x_wconf 93' lang='lat' dir='ltr'>a.</span> <span class='ocrx_word' id='word_1_245' title='bbox 1119 3432 1173 3468; x_wconf 82' lang='lat' dir='ltr'>u.</span> <span class='ocrx_word' id='word_1_246' title='bbox 1206 3418 1327 3468; x_wconf 83' lang='lat'>544</span> <span class='ocrx_word' id='word_1_247' title='bbox 1402 3414 1470 3481; x_wconf 82' lang='lat' dir='ltr'>cf.</span> <span class='ocrx_word' id='word_1_248' title='bbox 1511 3413 1687 3469; x_wconf 83' lang='lat' dir='ltr'>Mart.</span> <span class='ocrx_word' id='word_1_249' title='bbox 1728 3415 1902 3469; x_wconf 80' lang='lat' dir='ltr'>Hertz</span> <span class='ocrx_word' id='word_1_250' title='bbox 1948 3415 2015 3469; x_wconf 82' lang='lat' dir='ltr'>de</span> <span class='ocrx_word' id='word_1_251' title='bbox 2050 3413 2119 3468; x_wconf 90' lang='lat' dir='ltr'>L.</span> <span class='ocrx_word' id='word_1_252' title='bbox 2156 3415 2378 3471; x_wconf 72' lang='lat' dir='ltr'>Cincii-s.</span> 
     </span>
     <span class='ocr_line' id='line_1_34' title="bbox 344 3454 2381 3625; baseline 0.001 -86"><span class='ocrx_word' id='word_1_253' title='bbox 344 3454 527 3541; x_wconf 63' lang='lat' dir='ltr'>Ber’ol.</span> <span class='ocrx_word' id='word_1_254' title='bbox 559 3489 717 3625; x_wconf 73' lang='lat'>1181142,</span> <span class='ocrx_word' id='word_1_255' title='bbox 745 3502 899 3554; x_wconf 79' lang='lat' dir='ltr'>quem</span> <span class='ocrx_word' id='word_1_256' title='bbox 924 3487 1035 3553; x_wconf 80' lang='lat' dir='ltr'>fere</span> <span class='ocrx_word' id='word_1_257' title='bbox 1060 3486 1293 3554; x_wconf 77' lang='lat' dir='ltr'>sequor&#39;.</span> <span class='ocrx_word' id='word_1_258' title='bbox 1324 3485 1443 3539; x_wconf 78' lang='lat' dir='ltr'>Hu.</span> <span class='ocrx_word' id='word_1_259' title='bbox 1508 3486 1630 3540; x_wconf 81' lang='lat' dir='ltr'>vide</span> <span class='ocrx_word' id='word_1_260' title='bbox 1655 3501 1808 3540; x_wconf 75' lang='lat' dir='ltr'>nume</span> <span class='ocrx_word' id='word_1_261' title='bbox 1837 3486 2102 3541; x_wconf 79' lang='lat' dir='ltr'>Wissowa</span> <span class='ocrx_word' id='word_1_262' title='bbox 2127 3504 2192 3541; x_wconf 80' lang='lat' dir='ltr'><strong><em>m</em></strong></span> <span class='ocrx_word' id='word_1_263' title='bbox 2212 3488 2381 3543; x_wconf 84' lang='lat' dir='ltr'>Real-</span> 
     </span>
     <span class='ocr_line' id='line_1_35' title="bbox 344 3559 869 3629; baseline -0.002 -18"><span class='ocrx_word' id='word_1_264' title='bbox 344 3559 542 3629; x_wconf 74' lang='lat' dir='ltr'>meyel</span> <span class='ocrx_word' id='word_1_265' title='bbox 711 3561 869 3611; x_wconf 79' lang='lat'><strong><em>2555.</em></strong></span> 
     </span>
    </p>
   </div>
  </div>
 </body>
</html>
