2650 3917
384 145 518 208 202
1025 143 1154 198 GAI
1185 143 1440 198 INSTIT.
1476 144 1530 198 11
1564 150 1793 199 39—43.

384 309 499 373 sed
544 330 707 393 opus
753 312 869 391 est,
913 312 987 371 ut
1033 307 1295 372 iubente
1343 330 1444 373 me
1486 312 1561 371 tu
1607 308 1688 372 ab
1727 329 1802 372 eo
1849 308 2207 393 stipuleris3
2254 331 2418 392 quae

382 420 487 463 res
533 398 760 481 efficit,
810 403 886 462 ut
930 419 968 460 a
1021 419 1125 462 me
1187 397 1497 461 liberetur
1550 400 1616 461 et
1678 398 1948 482 incipiat
2009 398 2132 463 tibi
2198 399 2416 463 teneri.

384 510 549 571 quae
610 487 846 552 dicitur
899 486 1165 551 nouatio
1222 486 1656 572 obligationis.
1746 486 1840 551 39.
1888 485 2042 552 Sine
2085 487 2212 552 hac
2266 510 2419 553 uero

381 577 730 641 nouatione
774 598 907 640 non
970 574 1254 660 poteris¹
1297 581 1414 640 tuo
1470 576 1731 640 nomine
1784 597 2001 661 agere,
2066 577 2176 642 sed
2226 577 2419 642 debes

272 674 347 723 64
383 687 462 731 ex
507 687 782 750 persona
828 687 971 730 mea
1016 664 1199 749 quasi
1246 666 1545 751 cognitor
1583 666 1593 748 Ι
1634 669 1747 729 aut
1798 670 2181 750 procurator
2237 689 2418 731 meus

381 777 417 820 e
506 778 673 819 eru-1.

418 778 612 909 xPM).
660 842 993 928 Sequitur,
1082 846 1157 906 ut
1246 842 1705 906 admoneamus
1788 843 1958 927 apud
2039 845 2420 930 peregrinos

381 934 643 1017 quidem
689 955 890 998 unum
937 953 1075 997 esse
1120 931 1508 1016 dominium3
1554 954 1703 996 nam
1749 935 1862 997 aut
1909 932 2210 998 dominus
2249 935 2421 1017 quis-

382 1045 507 1106 que
544 1028 643 1087 est
679 1026 791 1087 aut
838 1021 1135 1086 dominus
1181 1042 1310 1084 non
1358 1020 1776 1107 intellegitur.
1867 1043 1999 1104 quo
2037 1023 2176 1087 iure
2222 1024 2419 1088 etiam

379 1112 662 1198 populus
716 1111 1049 1176 Romanus
1113 1110 1271 1175 olim
1335 1110 1662 1175 utebatur:
1727 1113 1842 1174 aut
1905 1111 2075 1175 enim
2133 1134 2215 1175 ex
2280 1113 2420 1178 iure

379 1200 732 1279 Quiritium
776 1201 1220 1284 unusquisque
1256 1200 1558 1264 dominus
1594 1203 1734 1264 erat
1769 1204 1882 1264 aut
1916 1222 2049 1265 non
2087 1201 2421 1288 intellege-

378 1291 571 1356 batur
620 1290 937 1355 dominus.
1028 1288 1140 1353 sed
1191 1292 1419 1372 postea
1473 1289 1856 1353 diuisionem
1913 1291 2162 1374 accepit
2217 1290 2419 1356 domi-

378 1383 579 1465 nium,
623 1383 698 1445 ut
743 1380 910 1443 alius
957 1377 1165 1463 possit
1209 1399 1347 1443 esse
1393 1401 1473 1442 ex
1518 1378 1658 1442 iure
1700 1376 2050 1454 Quiritium
2098 1379 2420 1464 dominus,

373 1470 544 1534 alius
592 1470 660 1532 in
709 1468 894 1534 bonis
953 1467 1206 1532 habere.
1295 1467 1387 1531 41.
1432 1466 1604 1531 Nam
1650 1467 1706 1532 si
1761 1467 1884 1531 tibi
1938 1490 2076 1532 rem
2131 1469 2419 1554 mancipi

376 1581 586 1643 neque
632 1558 1086 1642 mancipauero
1131 1577 1343 1640 neque
1387 1557 1458 1620 in
1502 1557 1639 1621 iure
1685 1578 1956 1640 cessero,
2002 1557 2115 1621 sed
2158 1562 2417 1623 tantum

372 1648 729 1730 tradider0‚
792 1646 861 1709 in
924 1646 1112 1711 bonis
1175 1645 1435 1729 quidem
1490 1645 1622 1710 tuis
1669 1669 1744 1710 ea
1798 1667 1899 1710 res
1963 1646 2274 1731 efficitur,
2337 1670 2419 1713 ex

377 1738 517 1801 iure
564 1736 917 1814 Quiritium
961 1756 1119 1800 uero
1173 1756 1319 1798 mea
1381 1734 1813 1820 permanebit,
1877 1735 2080 1801 donec
2138 1744 2215 1800 tu
2277 1759 2417 1801 eam

376 1826 767 1912 possidendo
814 1824 1178 1908 usucapias:
1225 1824 1424 1889 semel
1469 1825 1640 1887 enim
1701 1824 1968 1909 impleta
2021 1825 2419 1910 usucapione

377 1916 649 2001 proinde
713 1915 907 1999 pleno
963 1914 1101 1978 iure
1164 1912 1423 1997 incipit,
1486 1913 1552 1977 id
1609 1916 1707 1977 est
1752 1917 1818 1978 et
1863 1914 1930 1978 in
1986 1914 2178 1978 bonis
2224 1919 2292 1978 et
2340 1938 2421 1979 ex

376 2007 517 2070 iure
563 2004 912 2082 Quiritium
958 2007 1071 2068 tua
1115 2025 1215 2068 res
1263 2024 1423 2085 esse,
1459 2024 1533 2066 ac
1569 2003 1625 2067 si
1663 2025 1738 2066 ea
1783 2004 2150 2087 mancipata
2195 2004 2304 2069 uel
2351 2005 2422 2070 in

377 2096 517 2159 iure
556 2115 733 2161 cessa
769 2098 933 2158 esset.
1021 2092 1120 2157 42.
1163 2092 1469 2174 Vsucapio
1506 2089 1750 2156 awtem¹
1777 2092 2117 2157 mobilium
2155 2093 2421 2176 quidem

380 2206 597 2248 rerum
644 2204 811 2247 anno
861 2182 1239 2266 completur,
1284 2182 1470 2245 fundi
1518 2202 1670 2245 uero
1710 2183 1774 2245 et
1821 2181 2076 2246 aedium
2125 2181 2421 2269 bienni03

383 2276 449 2337 et
495 2274 589 2337 ita
631 2273 774 2358 lege
819 2289 922 2335 XII
967 2271 1337 2335 tabularum
1382 2275 1642 2334 cautum
1690 2273 1804 2334 est.

513 2363 611 2427 43.
660 2358 995 2425 Ceterum³
1049 2362 1242 2424 etiam
1298 2381 1519 2424 earum
1573 2381 1785 2423 rerum
1849 2360 2160 2445 usucapio
2225 2361 2421 2426 nobis

378 2450 700 2536 conpetit,
765 2456 928 2534 quae
973 2472 1105 2514 non
1150 2472 1189 2513 a
1244 2449 1505 2514 domino
1560 2448 1749 2513 nobis
1813 2449 2090 2513 traditae
2152 2450 2422 2535 fuerint,

527 2629 578 2694 1)
615 2626 829 2696 poterit
863 2626 930 2680 V.
1148 2629 1201 2696 2)
1240 2627 1651 2680 esset—autem
1701 2626 1883 2694 suppl.
1921 2626 2270 2680 Lachmann.

377 2701 435 2767 3)
474 2701 784 2753 ceterarum
819 2697 886 2752 V.

524 2830 554 2890 §
594 2829 679 2877 39.
735 2824 805 2890 cf.
843 2824 1003 2890 infra
1039 2829 1090 2890 4,
1120 2828 1215 2889 823
1245 2827 1331 2876 86.

524 2901 554 2961 ς
592 2901 679 2948 40.
736 2896 806 2962 cf.
840 2911 1012 2964 mma
1043 2900 1090 2962 1,
1122 2900 1216 2962 543
1246 2900 1341 2960 353
1373 2899 1492 2948 167.
1531 2894 1689 2961 inst-a
1727 2899 1776 2962 2,
1806 2898 1891 2947 88.
1932 2898 2133 2961 3,·186.
2181 2894 2417 2963 Theoph.

381 2972 509 3036 1,,6,
540 2973 573 3021 4
612 2969 693 3035 (p.
725 2971 792 3019 26
812 2967 1012 3035 Fen),

520 3045 550 3105 §
589 3044 673 3092 41.
730 3040 798 3106 cf.
837 3054 1009 3108 supra
1052 3042 1102 3105 2,
1133 3042 1217 3091 26.
1273 3038 1433 3104 infra
1471 3042 1520 3104 2,
1551 3041 1671 3091 204.
1712 3040 1761 3103 3,
1792 3040 1876 3090 80.
1944 3037 2070 3105 Ulp.
2113 3042 2161 3103 1,
2195 3043 2278 3090 16.
2337 3037 2417 3091 D.

374 3117 465 3178 40,
497 3117 582 3179 12,
611 3115 696 3177 38,
727 3114 758 3161 2
798 3110 986 3178 (Paul.
1028 3112 1204 3179 1573).

522 3188 552 3248 ξ
590 3187 676 3234 42.
733 3182 802 3248 cf.
842 3180 965 3250 Ulp.
998 3185 1081 3247 19,
1110 3185 1160 3235 8.
1200 3182 1249 3234 I.
1281 3184 1331 3247 2,
1362 3185 1496 3248 6pr.
1544 3195 1666 3235 cum
1702 3179 1931 3248 Theoph.
1972 3182 2054 3250 (p.
2087 3184 2190 3233 129
2210 3180 2417 3249 Ferr.).

374 3254 534 3320 infra
572 3259 621 3319 2,
653 3257 746 3318 54;
786 3257 906 3306 204.
984 3253 1040 3307 0.
1083 3257 1247 3319 7,31,
1281 3257 1307 3304 1
1359 3253 1431 3320 (a.
1472 3253 1613 3320 531).
1692 3251 1800 3305 σεο.
1847 3268 1957 3320 pro
2015 3250 2168 3306 (laec.
2211 3257 2295 3318 19,
2326 3256 2416 3305 54.

371 3326 536 3393 topic.
576 3329 625 3391 4,
656 3329 740 3377 23.
814 3325 967 3379 Plin.
1005 3341 1086 3393 ep.
1128 3330 1177 3391 5,
1210 3332 1258 3390 1,
1290 3328 1374 3377 10.
1450 3323 1640 3377 Boeth.
1678 3325 1714 3377 l.
1755 3329 1786 3377 2
1824 3323 1901 3377 ad
1946 3322 2057 3378 Cic.
2094 3330 2205 3393 top.
2244 3329 2294 3390 4,
2327 3328 2417 3389 23,

370 3396 525 3450 unde
560 3395 699 3449 lsid.
737 3397 873 3465 oriy.
913 3401 963 3463 5,
995 3401 1079 3463 25,
1111 3400 1178 3449 30
1217 3396 1436 3463 (Bruns
1469 3394 1564 3462 11⁶,
1587 3398 1692 3465 76).

520 3472 583 3532 §5
620 3471 706 3519 43.
744 3472 829 3520 44.
886 3469 956 3534 cf.
995 3468 1151 3534 infra
1189 3472 1238 3533 2,
1267 3471 1354 3519 49.
1442 3467 1563 3535 Ulp.
1604 3472 1688 3536 19,
1718 3472 1767 3521 8.
1843 3468 1892 3521 Ι.
1933 3473 1982 3535 2,
2015 3473 2045 3520 6
2070 3484 2160 3537 pr.
2217 3466 2293 3521 D.
2325 3472 2417 3535 41,

377 3542 463 3605 1ο,
493 3542 524 3590 5
565 3537 719 3607 (Ner.
760 3539 866 3606 36).
922 3544 1008 3606 41,
1039 3544 1089 3606 3,
1120 3544 1146 3591 1
1189 3538 1343 3608 (Gai.
1383 3540 1525 3607 333).
