2650 3917
313 146 440 210 100
809 145 959 199 SEX.
1001 142 1375 199 CAECILIVS
1411 142 1839 200 AFRICANVS.

310 332 456 374 cum
504 331 644 374 eam
700 310 911 395 legem
957 308 1175 374 Labeo
1224 329 1481 392 quoque
1538 312 1750 373 uester
1795 308 1866 372 in
1908 308 2119 391 libris,
2176 326 2342 392 quos

312 400 393 464 ad
483 398 820 464 duodecim
904 396 1176 461 'tabulas
1268 398 1652 482 conscripsit
1664 396 1705 481 ²,
1795 419 1926 463 non
2009 396 2345 482 probaret:

313 488 562 571 “tum'',
627 488 855 571 inquit,
905 486 1024 551 “L.
1064 486 1370 553 Veratius
1446 485 1574 551 fuit
1649 486 1905 571 egregie
1977 486 2176 552 homo
2250 487 2346 550 in-

310 578 555 662 probus
619 580 815 660 atque
871 576 1117 641 inmani
1179 575 1497 640 uecordia.
1589 576 1644 640 is
1692 597 1810 659 pro
1875 575 2344 641 delectamento

258 696 282 732 5
312 667 589 731 habebat
644 687 716 731 os
770 665 1052 731 hominis
1109 664 1300 729 liberi
1355 686 1581 729 manus
1639 686 1791 729 suae
1845 665 2061 749 palma
2125 664 2346 730 uerbe-

309 778 465 821 rare.
543 778 690 820 eum
727 775 962 819 ,seruus
1008 753 1396 838 sequebatur
1431 753 1641 819 ferens
1679 775 2047 819 crumenam
2088 754 2346 838 plenam

310 846 577 929 assium3
650 848 724 908 ut
788 864 1108 927 quemque
1172 842 1672 925 depalmauerat,
1735 844 2061 909 numerari
2125 844 2349 908 statim

311 933 659 998 secundum
708 931 1041 998 duodecim
1089 933 1344 997 tabulas
1393 933 1678 1015 quinque
1738 936 1805 998 et
1868 933 2106 1017 uiginti
2169 953 2347 997 asses

311 1023 592 1088 iubebat.
684 1022 1069 1106 propterea’,
1139 1021 1382 1105 inquit,
1455 1020 1805 1106 ‘praetores
1879 1026 2107 1107 postea
2177 1020 2350 1089 hanc

233 1140 284 1190 io
313 1111 677 1177 abolescere
713 1116 778 1176 et
823 1111 1104 1195 relinqui
1149 1114 1540 1176 censuerunt
1567 1110 1951 1194 iniuriisque
1985 1115 2349 1176 aestuman-

315 1202 412 1265 dis
476 1204 958 1284 recuperatores
1024 1221 1092 1264 se
1156 1200 1418 1265 daturos
1482 1199 1886 1264 edixerunt’'.
1997 1197 2143 1287 (14)
2188 1222 2349 1266 non-

310 1291 489 1355 nulla
551 1295 766 1354 autem
821 1290 891 1354 in
953 1290 1097 1354 istis
1159 1288 1414 1374 legibus
1471 1286 1587 1353 ne2
1646 1290 1998 1355 consistere
2065 1288 2350 1373 quidem,

312 1380 504 1444 sicuti
570 1379 721 1461 dixi,
785 1380 926 1443 uisa
990 1381 1161 1461 sunt,
1223 1378 1406 1442 uelut
1471 1377 1584 1443 illa
1647 1379 1756 1443 lex
1818 1379 2098 1461 talionis,
2164 1379 2352 1444 cuius

309 1469 534 1550 uerba,
591 1468 719 1532 nisi
783 1468 1094 1532 memoria
1140 1489 1244 1531 me
1296 1464 1533 1550 fallitss,
1579 1467 1739 1533 haec
1793 1470 1971 1532 sunt:
2039 1483 2101 1532 81
2165 1485 2348 1532 MEM-

234 1583 282 1635 1⁵
311 1575 504 1635 ssRvM
588 1575 798 1621 RVPIT
819 1555 861 1640 ⁴²,
944 1574 1019 1621 m
1099 1573 1242 1621 cvm
1314 1574 1358 1620 E
1443 1553 1739 1640 PAGT05,
1823 1573 2037 1622 'ramo
2111 1555 2350 1622 Es'ro.⁶

313 1645 458 1733 (15)
504 1650 757 1731 praeter
804 1646 976 1710 enim
1023 1645 1374 1710 ulciscendi
1419 1645 1838 1711 acerbitatem
1877 1667 1958 1710 ne
2001 1645 2351 1730 procedere

311 1757 566 1820 quoque
604 1736 895 1801 executio
933 1735 1139 1799 iustae
1176 1733 1441 1800 talionis
1488 1737 1724 1819 potest.
1814 1757 1966 1800 nam
2004 1735 2110 1800 cui
2149 1756 2348 1800 mem-

312 1825 501 1889 brum
548 1825 630 1889 ab
678 1824 806 1888 alio
853 1829 1118 1908 ruptum
1163 1828 1280 1907 est,
1327 1825 1385 1889 si
1428 1824 1557 1907 ipsi
1602 1823 1829 1888 itidem
1887 1846 2187 1909 rumpere
2232 1846 2350 1909 per

312 1915 621 1981 talionem
681 1915 865 1997 uelit,
930 1934 1167 1996 quaero
1176 1962 1195 1994 ,
1269 1935 1353 1977 an
1417 1913 1670 1979 efficere
1734 1914 1942 1996 possit
2005 1914 2350 1998 rumpendi

232 2030 285 2083 so
312 2004 552 2089 pariter
607 2003 879 2068 membri
944 2002 1442 2085 aequilibrium?
1508 2004 1577 2067 in
1634 2024 1764 2088 qua
1808 2025 1878 2067 re
1942 2003 2228 2087 primum
2276 2025 2352 2068 ea

312 2092 661 2157 difficultas
699 2095 799 2156 est
834 2090 1324 2176 inexplicabilis.
1418 2088 1564 2178 (16)
1613 2091 1772 2175 quid
1812 2089 1905 2156 si⁷
1943 2092 2352 2176 membrum',

313 2183 549 2266 inquit,
609 2180 854 2245 ‘alteriss
909 2180 1261 2264 inprudens
1316 2180 1613 2264 ruperit?
1675 2181 1850 2264 quod
1896 2182 2067 2246 enim
2129 2181 2350 2266 inpru-

313 2269 562 2335 dentia⁹
618 2271 859 2334 factum
917 2274 1041 2352 est,
1096 2270 1381 2334 retaliari
1436 2292 1553 2354 per
1606 2270 2085 2353 inprudentiam
2141 2269 2350 2336 debet.

313 2360 478 2426 ictus
539 2360 778 2444 quippe
824 2360 1132 2424 fortuitus
1198 2364 1263 2423 et
1326 2358 1663 2424 consultus
1727 2381 1859 2423 non
1923 2359 2162 2425 cadunt
2226 2361 2349 2425 sub

233 2475 284 2515 25
313 2449 598 2514 eiusdem
642 2450 904 2513 talionis
962 2448 1468 2515 similitudinem.
1563 2469 1844 2532 quonam
1900 2449 2102 2534 igitur
2156 2449 2350 2515 modo

314 2538 764 2624 inprudentem
801 2538 1040 2621 poterit
1096 2537 1367 2621 imitari,
1414 2537 1523 2620 qui
1574 2539 1644 2602 in
1686 2537 2059 2621 exequenda
2109 2538 2352 2604 talione

314 2649 442 2692 non
487 2627 784 2692 licentiae
831 2628 933 2690 ius
971 2627 1184 2709 habet,
1223 2626 1336 2690 sed
1382 2627 1873 2710 inprudentiae?
1941 2625 2086 2713 (17)
2134 2627 2249 2692 sed
2286 2633 2353 2693 et

315 2717 369 2780 si
422 2716 704 2801 prudens
760 2717 1032 2799 ruperit,
1079 2736 1487 2799 nequaquam
1532 2715 1815 2799 patietur
1879 2720 1992 2780 aut
2039 2716 2235 2782 altius
2282 2739 2353 2795 se

313 2806 480 2870 laedi
527 2810 639 2869 aut
674 2806 885 2869 latius.
979 2805 1152 2888 quod
1197 2804 1559 2870 cuiusmodi
1602 2804 1772 2870 libra
1809 2809 2004 2890 atque
2051 2827 2355 2871 mensura

234 2921 287 2961 so
317 2895 530 2960 caueri
575 2894 810 2978 possit,
856 2914 986 2958 non
1047 2895 1314 2978 reperio.
1408 2891 1553 2980 (18)
1602 2894 1761 2978 quin
1807 2895 2028 2978 etiam,
2094 2895 2144 2960 si
2195 2895 2355 2979 quid

315 2984 462 3068 plus
509 2985 632 3048 erit
677 2983 945 3047 aliterue
992 2984 1412 3066 conmissum,
1458 3004 1559 3048 res
1605 2983 1718 3048 fiet
1768 2982 2076 3049 ridiculae
2122 2985 2353 3050 atroci-

464 3181 513 3245 1)
552 3178 620 3244 cf.
660 3193 834 3245 supra
871 3177 1058 3231 Labeo
1096 3181 1162 3229 25
1195 3193 1254 3244 p.
1285 3181 1371 3230 60.
1490 3180 1544 3245 2)
1581 3193 1685 3230 nec
1720 3177 1874 3232 codd.
1995 3180 2047 3245 3)
2086 3192 2187 3231 om.
2231 3176 2354 3247 QZ.

319 3255 370 3317 4)
410 3247 593 3317 rupsit
636 3249 936 3302 Turnebus.
1119 3250 1173 3315 5)
1212 3263 1243 3302 e
1278 3250 1447 3316 pacto
1483 3247 1637 3302 codd.
1696 3263 1761 3300 eo
1802 3248 1961 3316 pacit
1995 3248 2142 3302 Fest.
2181 3264 2229 3302 v.
2269 3255 2357 3303 ta·

316 3322 484 3375 lionis
530 3337 591 3388 p.
631 3324 750 3372 363.
953 3323 1006 3379 6)
1044 3320 1113 3385 cf.
1151 3321 1239 3373 lex
1277 3319 1415 3372 XII
1445 3319 1552 3372 tab.
1593 3323 1643 3384 8,
1674 3325 1706 3372 2
1745 3320 1968 3386 (Brun-5
2002 3317 2070 3384 1⁰,
2101 3321 2209 3402 29).

321 3394 373 3460 7)
412 3391 550 3459 quid
598 3391 646 3444 si
687 3389 775 3460 0².
842 3389 1031 3458 quisui
1075 3390 1135 3459 Q.
1201 3390 1329 3459 quis
1366 3390 1428 3444 in
1468 3389 1529 3445 O.
1595 3390 1696 3457 qui
1730 3391 1821 3444 sin
1858 3390 1931 3444 N.
1997 3390 2098 3457 qui
2134 3407 2184 3444 si
2219 3391 2275 3444 Z
2282 3395 2358 3446 Π.

317 3462 446 3531 quis
485 3462 558 3515 X.
706 3464 760 3530 8)
800 3461 966 3517 alteri
1006 3462 1217 3517 Carrio.
1274 3460 1421 3516 alter
1455 3462 1608 3516 codd.
1792 3462 1845 3528 9)
1883 3460 2250 3531 inprudentia
2291 3463 2359 3533 Q.

316 3549 417 3603 per
452 3532 875 3602 inprudentiam
917 3533 978 3586 Χ
988 3533 1108 3587 ΟΠ
1111 3534 1185 3587 Ν.
1262 3532 1802 3602 inprudentia—per
1837 3549 1939 3589 om.
1981 3534 2042 3587 Z.
