2650 3917
861 182 923 248 Q.
961 179 1234 239 MVCIVS
1272 182 1667 239 SOAEVOLA.
2197 184 2279 250 21

386 345 470 411 15.
518 344 738 431 Atque
802 347 996 411 etiam
1072 346 1229 410 dant
1289 347 1417 412 hoc
1483 346 1854 432 Scaeuolae,
1924 370 2120 432 quom
2187 352 2286 413 est

252 435 548 520 partitio,
594 439 695 520 ut,
742 435 799 500 si
843 434 911 500 in
955 439 1347 502 testamento
1396 436 1667 502 deducta
1724 439 1966 522 scripta
2018 459 2151 503 non
2199 439 2286 503 sit

249 523 504 608 ipsique
549 524 767 589 minus
815 525 1125 610 ceperint,
1173 547 1369 610 quam
1435 526 1733 592 omnibus
1798 526 2144 592 heredibus
2188 549 2282 591 re—

248 612 602 697 linquatur,
649 614 847 679 sacris
873 635 956 678 ne
993 614 1360 700 alligentur.
1451 615 1521 679 in
1558 615 1905 681 donatione
1933 616 2057 681 hoc
2088 616 2285 680 iidem

251 723 433 768 secus
478 702 1051 806 interpretanturlz
1106 708 1172 768 et
1217 703 1389 788 quod
1442 709 1627 789 pater
1679 705 1961 770 familias
2016 707 2085 771 in
2147 707 2284 770 eius
2340 732 2364 772 5

251 790 628 877 donatione,
677 792 789 877 qui
835 793 904 856 in
948 793 1154 878 ipsius
1199 796 1523 878 potestate
1569 797 1684 877 est,
1731 793 2144 879 adprobauit,
2188 817 2285 858 ra-

249 885 391 947 tum
440 886 566 967 est3
550 878 603 922 ·²
660 881 835 965 quod
880 903 955 946 eo
1010 882 1324 947 insciente
1370 882 1612 948 factum
1660 886 1783 966 est,
1838 885 1894 948 si
1939 883 2007 948 id
2053 884 2109 948 is
2155 905 2287 948 non

248 970 586 1056 adprobat,
628 975 845 1035 ratum
890 993 1024 1035 non
1070 975 1185 1035 est.
1199 969 1225 1008 ⁸
1268 1009 1360 1018 —
1410 970 1535 1037 oie.
1583 973 1659 1037 de
1702 971 1811 1055 leq.
1849 973 1911 1056 2,
1949 972 2054 1057 20,
2091 971 2195 1037 50.

382 1059 470 1125 16.
528 1060 881 1142 Nefrendes
950 1061 1145 1127 dietos
1216 1063 1442 1126 asserit
1521 1062 1591 1143 Q.
1635 1061 1900 1127 Mucius
1976 1060 2288 1127 Scaeuola

248 1151 491 1229 arietes,
536 1150 705 1232 qnod
746 1150 1029 1216 dentibus
1067 1151 1358 1232 frendere
1399 1171 1529 1216 non
1559 1150 1832 1232 possint.
1884 1188 1960 1198 —
2013 1151 2179 1217 Fest.
2231 1172 2367 1218 v.1o

248 1239 580 1321 nefrendes
607 1260 680 1322 Ρ.
723 1239 867 1303 162.

381 1327 471 1393 17.
519 1326 797 1392 Petilam
871 1350 1088 1393 suram
1161 1327 1397 1392 siccam
1468 1332 1533 1392 et
1608 1328 2020 1393 substrictam
2084 1328 2285 1416 uulgo

245 1418 774 1503 interpretantur.
868 1416 1181 1481 Scaeuola
1234 1418 1329 1482 ait
1373 1417 1685 1503 ungulam
1739 1417 1954 1483 albam
2002 1419 2150 1503 equi
2195 1418 2287 1482 ita

247 1506 392 1573 dici.
447 1544 526 1553 -
573 1506 742 1573 Fest.
787 1528 841 1572 v.
873 1505 1245 1590 petilwmp.
1283 1504 1465 1572 205!

380 1595 470 1661 18.
522 1594 899 1661 Scaeuolam
944 1615 1201 1681 quoque
1243 1600 1308 1660 et
1348 1595 1418 1660 L.
1448 1593 1708 1661 Aelium
1746 1602 1968 1662 θέα-
2003 1598 2078 1678 ef.
2107 1597 2289 1678 mfra
2316 1623 2367 1663 ιε

246 1686 476 1752 Atems
526 1682 748 1767 Capito
793 1685 876 1748 27
913 1706 986 1768 Ρ.
1028 1684 1129 1749 70.

382 1775 471 1839 19.
519 1772 748 1839 Pueris
792 1795 925 1838 non
975 1774 1183 1858 prius,
1239 1796 1435 1857 quam
1490 1777 1714 1860 togam
1768 1773 2026 1838 uirilem
2085 1797 2287 1839 sume-

250 1869 414 1947 rent,
460 1862 696 1947 puellis
741 1884 873 1927 non
919 1867 1265 1947 antequam
1309 1863 1656 1948 nuberent,
1709 1864 2128 1948 praenomina
2172 1863 2289 1927 im-

246 1952 403 2037 poni
453 1952 654 2018 moris
699 1952 902 2017 fuisse
940 1950 1011 2028 Q.
1052 1951 1363 2017 Scaeuola
1409 1957 1634 2017 auctor
1679 1956 1792 2017 est.
1849 1990 1924 1999 —-
1981 1953 2162 2018 Aust.
2215 1953 2291 2019 de

164 2115 169 2120 ,
247 2043 486 2108 nomin.
534 2041 626 2106 ed.
670 2040 922 2124 Kempf
942 2049 1090 2124 post
1137 2042 1340 2107 Valer.
1385 2041 1572 2108 Max.
1607 2064 1678 2125 Ρ.
1716 2040 1867 2126 589,
1906 2042 1964 2106 8.
2315 2069 2368 2109 20

386 2130 487 2196 20.
534 2128 841 2195 Relatum
879 2134 977 2194 est
1011 2132 1081 2195 in
1125 2130 1378 2197 litteras
1425 2131 1864 2197 doctissimum
1913 2131 2290 2217 pontificem

249 2218 632 2285 Scaeuolam
716 2220 1078 2304 disputasse
1153 2221 1281 2284 tria
1362 2242 1601 2306 genera
1671 2221 1913 2285 tradita
1995 2220 2291 2288 deorum:

246 2329 454 2373 unum
492 2330 532 2371 a
576 2307 807 2393 poetis,
854 2308 1128 2373 alterum
1174 2331 1213 2373 a
1256 2308 1688 2394 philosophie,
1734 2310 1999 2375 tertium
2038 2333 2076 2374 a
2114 2310 2290 2394 prin-

248 2397 506 2484 cipibus
590 2397 896 2464 ciuitatis,
998 2399 1282 2482 primum
1357 2419 1559 2484 genus
1641 2400 2059 2486 nugatorium
2133 2398 2291 2464 dicit

394 2647 450 2715 1)
489 2643 628 2715 quid
663 2645 952 2701 Scaevolae
994 2647 1278 2711 senserint,
1324 2663 1394 2701 ex
1433 2646 1707 2701 Ciceronis
1740 2648 1916 2702 verbis
1951 2649 2048 2701 vix
2084 2646 2285 2701 elicias.

246 2716 480 2773 donatio
513 2717 734 2772 videtur
771 2717 957 2785 patris
989 2717 1241 2784 familias
1276 2717 1528 2785 defwneti
1568 2734 1676 2772 esse
1724 2719 1870 2772 inter
1912 2720 2064 2773 vivos
2105 2718 2290 2784 faeta;

248 2790 412 2845 verba
473 2788 595 2844 ‘hoc
653 2804 807 2843 secus
857 2789 1314 2858 interpretantar'
1373 2789 1644 2858 duplicem
1696 2790 1954 2845 videntur
2008 2789 2290 2843 admittere

249 2861 609 2916 intellectmm
645 2860 932 2915 Scaevolae
962 2862 1108 2915 enim
1140 2867 1242 2915 ant
1272 2878 1394 2915 eum
1411 2863 1505 2915 oni
1535 2861 1801 2915 donatum
1837 2867 1916 2915 est
1948 2861 2104 2915 nullo
2130 2860 2289 2914 modo

247 2933 423 2989 saeris
451 2931 682 2987 liberari
696 2948 858 3002 posse
874 2930 1164 2987 voluerunt
1180 2939 1284 2986 aut
1299 2934 1365 2986 in
1390 2933 1687 2987 donatione
1712 2949 1876 2987 saera
1903 2949 2025 2986 eum
2045 2933 2289 3000 pecunia

247 3020 363 3059 non
398 3004 684 3074 eoniwnqi.
757 3009 990 3058 eeterwm
1024 3003 1095 3069 ef.
1135 3004 1469 3059 Bnrekhard
1504 3004 1629 3060 Sav
1633 3005 1863 3059 -Z.tschr
1901 3002 1995 3071 IX,
2026 3007 2129 3057 286
2149 3018 2224 3073 sq.

251 3077 303 3144 2)
353 3075 494 3144 ‘qua
542 3075 759 3130 ratione
813 3091 936 3129 cum
988 3074 1141 3141 filius
1193 3075 1343 3130 heres
1386 3075 1522 3144 plus
1572 3077 1803 3130 retinere
1856 3075 2111 3130 videatur
2167 3078 2289 3142 (suo

251 3147 397 3203 enim
431 3147 586 3214 facto
622 3146 783 3201 habet
815 3144 1165 3200 hereditatem
1201 3146 1583 3215 deminutam),
1616 3147 1930 3215 partiarius
1965 3147 2141 3201 saeris
2175 3162 2291 3200 non

250 3218 568 3290 obligatur’⁸
609 3216 729 3271 Ha.
886 3219 941 3285 3)
981 3217 1228 3285 ‘ideoque
1263 3217 1446 3272 adhue
1480 3219 1544 3271 in
1578 3219 1788 3285 peculio
1825 3224 1902 3273 est
1937 3218 2014 3272 ad
2049 3219 2288 3287 eumque,

250 3291 410 3345 ouius
439 3289 723 3360 peculium
757 3289 824 3356 fit
878 3289 1048 3356 (velut
1102 3288 1362 3358 leyatarii
1405 3290 1682 3357 partiarii
1726 3306 1834 3357 pro
1867 3293 2069 3358 parte),
2124 3290 2289 3345 etiam

250 3363 520 3417 nolentem
573 3366 742 3415 morte
786 3360 1043 3429 pervenit
1076 3365 1127 3413 et
1180 3361 1356 3414 saeris
1408 3376 1530 3414 enm
1566 3361 1791 3431 alliyat:
1845 3378 2178 3431 quamquam
2221 3362 2289 3427 is,

252 3435 347 3502 qui
381 3449 509 3489 oum
544 3432 707 3487 nulla
742 3436 1056 3487 testamento
1093 3431 1343 3486 deductio
1379 3433 1587 3500 scripta
1623 3438 1726 3499 est,
1771 3434 1956 3488 minas
1992 3450 2059 3488 ex
2097 3433 2288 3516 leyato,

253 3522 417 3574 quam
454 3503 712 3559 omnibns
745 3503 1034 3557 heredibus
1068 3502 1316 3557 relietum
1352 3508 1457 3569 est,
1494 3505 1609 3573 ipse
1645 3520 1835 3573 capere
1863 3511 2066 3573 potest,
2104 3505 2289 3572 itaque

252 3578 422 3633 saeris
456 3591 576 3631 non
612 3574 924 3646 alliyatwr’.
966 3575 1083 3629 Ha.
1230 3576 1285 3643 4)
1324 3576 1394 3640 cf.
1433 3544 1569 3629 ’Isid
1611 3577 1745 3647 oriy.
1789 3580 1873 3643 12,
1895 3581 1943 3643 1,
1966 3581 2050 3630 52.
