2650 3917
878 138 1004 195 GAI
1037 138 1293 193 INSTIT.
1331 140 1408 192 ΙΠ
1446 144 1743 193 197-199.
2202 138 2327 203 321

301 324 517 367 secum
565 302 807 386 tulerit,
842 306 955 367 aut
991 303 1047 367 si
1085 304 1231 387 quis
1269 324 1504 387 equum
1520 301 1874 389 lgestandi
1910 304 2123 389 gratia
2158 323 2332 368 com-

300 392 631 457 modatum
666 391 927 479 longius
963 392 1179 477 aliquo
1194 390 1219 429 ²
1256 392 1527 477 duxerit,
1564 392 1739 477 quod
1775 395 2022 458 ueteres
2070 392 2333 476 scripse-

299 486 453 546 runt
497 481 575 545 de
635 502 731 564 eo,
795 482 909 566 qui
963 482 1030 545 in
1094 480 1336 548 aciem⁸
1397 443 1818 566 per'duxisset.
1908 480 2034 548 197.
2085 479 2335 546 Placuit

299 575 520 635 tamen
590 592 725 655 eos,
800 571 913 654 qui
982 571 1172 636 rebus
1245 571 1670 637 commodatis
1741 571 1932 637 aliter
2000 575 2333 636 uterentur

301 682 494 744 quam
540 623 810 725 utendas
856 661 1279 744 accepissent,
1342 663 1435 725 ita
1491 660 1737 726 furtum
1786 661 2213 743 committere,
2275 660 2331 723 si

299 749 683 835 intellegant
746 749 813 814 id
877 770 945 814 se
1007 751 1216 815 inuito
1291 750 1553 815 domino
1629 750 1836 814 facere
1908 770 2049 813 eum
2058 770 2210 833 que,
2277 749 2332 813 si

300 837 779 921 intellexisset⁴‚
841 860 975 903 non
1035 841 1525 926 permissurum3
1589 836 1692 903 at⁵
1756 839 1810 904 si
1872 839 2332 923 permissurum

302 929 566 993 credant
577 926 619 1009 ⁶,
674 932 855 992 extra
916 929 1077 996 furti
1140 927 1385 994 crimen
1445 928 1679 1012 uideri,
1743 929 1989 1012 optima
2046 950 2199 992 sane
2243 927 2334 993 di-

300 1018 674 1100 stinctione,
720 1017 895 1102 quod
948 1018 1193 1083 furtum
1250 1019 1389 1082 sine
1436 1017 1583 1083 dolo
1639 1018 1811 1082 malo
1855 1039 1988 1083 non
2044 1017 2333 1083 commit-

301 1107 481 1171 titur.
572 1106 697 1173 198.
747 1107 871 1171 Sed
917 1111 981 1171 et
1027 1108 1083 1172 si
1130 1108 1347 1173 credat
1402 1108 1636 1192 aliquis
1693 1107 1901 1172 inuito
1956 1106 2215 1171 domino
2264 1126 2332 1171 se

301 1218 438 1260 rem
484 1200 891 1279 contrectare,
936 1196 1196 1262 domino
1244 1199 1460 1262 autem
1504 1197 1765 1262 uolente
1810 1196 1875 1260 id
1921 1197 2053 1279 fiat,
2100 1196 2334 1261 dicitur

300 1286 550 1350 furtum
584 1307 719 1351 non
754 1286 911 1350 fieri.
1002 1286 1172 1350 unde
1207 1285 1371 1350 illud
1416 1285 1776 1369 quaesitum
1820 1284 1914 1370 [et
1958 1284 2331 1369 probatum]

302 1378 425 1439 est:
473 1395 618 1439 cum
662 1375 873 1439 Titius
921 1395 1177 1440 seruum
1224 1396 1439 1440 meum
1486 1374 1933 1441 sollicitauerit
1944 1373 1986 1458 ⁷,
2030 1378 2105 1440 ut
2151 1396 2334 1460 quas-

302 1465 449 1528 dam
496 1486 599 1528 res
644 1463 805 1529 mihi
854 1463 1213 1547 subriperet
1258 1468 1324 1529 et
1371 1463 1452 1528 ad
1497 1487 1643 1530 eum
1689 1465 2002 1550 perferret
2012 1462 2054 1549 ⁸,
2109 1470 2166 1530 et
2207 1484 2334 1530 ser-

301 1574 422 1619 ame
461 1551 471 1640 Ι
510 1554 579 1617 id
622 1553 705 1617 ad
756 1574 858 1618 me
913 1551 1305 1637 pertulerit⁹,
1353 1575 1501 1639 ego,
1557 1555 1711 1618 dum
1765 1554 1916 1618 uolo
1963 1553 2207 1618 Titium
2265 1553 2335 1618 in
2371 1568 2474 1617 180

302 1643 447 1727 ipso
486 1642 720 1707 delicto
758 1641 1247 1727 deprehendere,
1291 1643 1694 1726 permiserim
1734 1665 1919 1708 seruo
1941 1641 1984 1680 ¹⁰
2021 1642 2328 1727 quasdam

301 1753 404 1797 res
451 1731 531 1796 ad
578 1753 724 1796 eum
776 1732 1090 1816 perferre,
1145 1735 1361 1796 utrum
1379 1731 1427 1769 ¹¹
1473 1732 1632 1798 furti
1684 1755 1768 1796 an
1823 1731 1993 1797 serui
2049 1733 2334 1817 corrupti

302 1820 541 1886 iudicio
587 1818 942 1886 teneatur¹²
987 1820 1199 1885 Titius
1244 1820 1434 1904 mihi,
1488 1844 1569 1885 an
1615 1820 1891 1886 neutro?
1952 1842 2333 1905 responsum

300 1914 533 1975 neutro
571 1932 717 1975 eum
765 1911 986 1989 teneri,
1030 1911 1191 1974 furti
1228 1910 1392 1993 ideo,
1440 1909 1614 1994 quod
1656 1932 1784 1975 non
1834 1910 2042 1976 inuito
2090 1932 2191 1975 me
2227 1932 2330 1975 res

303 2000 719 2064 contrectant
732 1997 781 2036 ¹³
834 2000 1004 2065 serui
1041 2000 1329 2084 corrupti
1365 1999 1551 2082 ideo,
1575 2001 1749 2085 quod
1786 1999 2062 2065 deterior
2107 2020 2331 2072 seruus

301 2090 511 2154 factus
569 2109 703 2154 non
747 2053 849 2155 sit.
864 2087 914 2125 ¹⁴
1011 2088 1134 2155 199.
1180 2088 1512 2155 Interdum
1576 2094 1793 2154 autem
1857 2085 2115 2153 etiam¹5
2175 2088 2332 2153 libe-

301 2200 522 2243 rorum
581 2177 916 2244 hominum
979 2178 1223 2243 furtum
1269 2179 1372 2262 fit,
1437 2181 1618 2244 uelut
1663 2179 1718 2244 si
1774 2177 1919 2264 quis
1980 2177 2333 2242 liberorum

450 2427 500 2495 1)
539 2441 735 2480 aecum
771 2425 839 2480 V.
1057 2427 1110 2494 2)
1148 2443 1275 2480 cum
1313 2425 1506 2496 aliquo
1544 2425 1609 2481 V.
1684 2442 1851 2494 quam
1892 2442 2003 2494 quo
2047 2424 2335 2496 rogauerit

303 2497 392 2566 (cf.
418 2514 476 2565 p.
498 2502 602 2550 320
630 2503 738 2552 not.
764 2499 816 2567 9)
854 2497 1046 2565 aliquo
1076 2498 1195 2552 Hu.
1288 2502 1344 2566 3)
1379 2498 1440 2551 in
1478 2497 1656 2551 aciem
1675 2496 1743 2551 V.
1791 2497 1879 2552 uls
1906 2497 2155 2551 Ariciam
2175 2498 2330 2552 Pole-

302 2585 479 2635 naar;
516 2569 585 2635 cf.
636 2569 756 2623 Val.
797 2570 961 2624 Max.
1001 2574 1050 2635 8,
1080 2575 1131 2635 2,
1160 2574 1209 2622 4.
1357 2572 1414 2636 4)
1450 2568 1861 2623 intellexissent
1897 2568 1964 2622 V.
2074 2570 2128 2638 5)
2164 2571 2230 2622 ut
2265 2568 2330 2622 V.

304 2640 357 2709 6)
396 2640 627 2694 credent
653 2639 720 2693 V.
851 2642 902 2710 7)
942 2639 1337 2695 sollicitauerit
1363 2643 1499 2696 Imt.
1558 2640 1902 2710 colligitaret
1933 2639 2000 2694 V.
2121 2641 2173 2709 8)
2210 2655 2334 2709 per-

302 2711 448 2765 feret
485 2711 551 2765 V.
716 2713 770 2782 9)
805 2710 1105 2781 pertulerit
1138 2712 1277 2767 Inet.
1334 2710 1572 2781 pertulit
1606 2712 1674 2767 V.
1859 2715 1946 2780 10)
1984 2711 2332 2780 permiserim

303 2798 465 2837 seruo
508 2782 792 2837 Goeechen.
860 2782 1301 2853 permiseramuo
1340 2783 1406 2838 V.
1625 2785 1712 2853 11)
1750 2785 2070 2852 {cumtrum
2123 2782 2189 2837 V.

307 2856 394 2923 12)
432 2854 680 2923 corrupti
708 2854 919 2908 iudicio
948 2856 1211 2909 teneatur
1235 2857 1376 2910 Inet.
1428 2855 1712 2924 corruptio
1740 2854 2015 2909 iudicium
2043 2854 2239 2909 teneat
2265 2854 2332 2909 V.

305 2927 393 2995 13)
422 2927 798 2979 contrectaret
824 2925 891 2979 V.
1005 2928 1092 2997 14)
1122 2924 1199 2980 sit
1227 2927 1345 2982 Hu.
1385 2930 1473 2981 est
1498 2926 1566 2981 V.
1679 2928 1767 2996 15)
1797 2926 1972 2981 etiam
1998 2927 2137 2982 Inst.
2179 2928 2236 2981 et
2263 2924 2330 2979 V.

447 3109 478 3170 ς
519 3109 638 3157 197.
676 3130 744 3150 ===
773 3106 823 3159 I.
861 3109 913 3170 4,
946 3111 994 3171 1,
1026 3109 1074 3157 7.
1139 3105 1207 3171 cf.
1245 3121 1422 3174 supra
1459 3110 1508 3171 2,
1540 3109 1625 3158 50.
1690 3105 1848 3171 infra
1887 3110 1936 3172 3,
1966 3109 2087 3158 208.
2126 3109 2177 3171 4,
2210 3108 2329 3157 178.

301 3177 468 3232 Paul.
509 3181 560 3242 2,
591 3181 676 3243 31,
709 3176 999 3232 1=Gozz.
1042 3181 1090 3243 7,
1120 3181 1170 3242 ὅ,
1203 3183 1249 3230 1.
1308 3178 1383 3230 D.
1416 3182 1464 3243 9,
1495 3146 1661 3245 '2,41‚
1695 3183 1720 3229 1
1764 3177 1918 3247 (Ulp.
1949 3178 2127 3246 2863).
2163 3146 2252 3242 ’17,
2282 3181 2331 3242 2,

302 3252 474 3316 blpr.
512 3217 676 3316 (’Πῖρ.
703 3249 881 3316 2746).

445 3323 637 3383 §198-
701 3320 860 3386 ct.1.
917 3323 1128 3385 4,1,.8
1202 3319 2088 3388 D.47„,2438(U1p.2879).
2165 3325 2330 3386 11,3,

305 3395 354 3457 1,
384 3394 416 3442 ὅ
455 3388 606 3459 (ῙΠΡ.
649 3392 789 3458 698).
849 3390 905 3446 0.
947 3396 996 3457 6,
1026 3396 1076 3455 2,
1106 3394 1174 3443 20
1212 3392 1283 3460 (α.
1325 3392 1468 3459 530).

447 3467 478 3528 5
519 3466 636 3516 199.
675 3488 743 3506 =
773 3464 822 3516 Ι.
853 3466 904 3528 4,
937 3432 996 3529 1,’
1016 3466 1063 3515 9.
1120 3462 1197 3516 D.
1227 3466 1313 3528 47,
1345 3468 1395 3528 2,
1427 3467 1511 3528 14,
1543 3467 1608 3515 19
1647 3463 1803 3531 (σιμ.
1834 3463 2011 3531 2734).
2067 3467 2154 3528 47,
2184 3468 2234 3528 2,
2264 3467 2331 3516 38

303 3532 491 3602 (Paul.
541 3535 716 3602 1797).
792 3533 851 3586 in
904 3535 1189 3603 potestate
1225 3563 1296 3573 -
1335 3536 1393 3587 et
1438 3534 1632 3604 manu]
1687 3536 1758 3602 cf.
1803 3552 1976 3604 supra
2023 3539 2072 3600 2,
2101 3537 2196 3601 873
2246 3539 2329 3589 90.

407 3632 621 3672 Inuum.
649 3642 810 3672 Αιιτιι.
838 3643 917 3673 ιι).
948 3632 1423 3673 Seckel-Kubler.
1452 3634 1489 3672 Ι.
1944 3628 2005 3678 21
