2650 3917
411 111 498 215 64
1066 152 1122 208 O.
1160 152 1423 206 ATErvs
1462 153 1739 208 CAPITO.

410 314 795 402 alienigena,
861 315 971 379 sed
1017 317 1264 400 patriae
1310 339 1542 382 usuros
1597 339 1806 400 neque
1860 320 2113 404 argenti
2165 320 2234 382 in
2292 340 2443 384 con-

408 405 588 469 uiuio
635 408 784 490 plus
828 405 1046 488 pondo
1094 428 1284 489 quam
1349 404 1586 471 libras²
1650 411 1907 472 centum
1970 406 2305 472 inlaturos.
2354 446 2439 454 ——

415 494 571 560 Geel,
609 494 670 577 2,
708 494 813 578 24,
850 494 908 558 2.

543 583 595 648 6.
644 583 803 648 Esse
850 584 1052 650 etiam,
1088 583 1245 648 dicit
1292 582 1520 668 Capito
1570 583 1797 650 Ateius
1858 585 2164 668 edictum,
2221 585 2441 651 diuine

352 701 376 741 ⁶
407 673 690 759 Augusti
736 695 819 736 an
854 671 1094 736 Tiberii
1135 671 1420 738 Caesaris
1467 695 1597 738 non
1635 675 1791 738 satis
1838 675 2264 758 commemini,
2309 697 2439 759 quo

408 762 617 827 edicto
690 784 807 846 per
877 762 1130 826 'dierum
1199 762 1414 826 uarias
1488 761 1949 827 sollemnitates
2023 785 2061 826 a
2134 766 2440 829 trecentis

409 853 719 916 sestertiis
766 851 1049 935 adusque
1096 850 1222 916 duo
1271 853 1566 916 sestertia
1604 855 1898 936 sumptus
1946 872 2247 916 cenarum
2294 876 2441 937 pro-

406 946 678 1027 pagatus
708 946 823 1024 est,
856 944 934 1006 ut
960 939 1063 1005 his
1091 940 1318 1005 saltem
1358 941 1595 1006 finibus
1632 941 1924 1006 luxuriae
1962 941 2439 1008 efferuescentis

405 1035 620 1095 aestus
669 1033 1080 1097 coerceretur.
1126 1067 1215 1076 —-—
1267 1030 1423 1096 Gall.
1462 1030 1523 1112 2,
1560 1030 1665 1113 24,
1709 1030 1804 1094 15.

327 1147 377 1186 ιο
539 1121 593 1184 7.
642 1119 779 1184 Nos
827 1123 1041 1184 autem
1086 1121 1156 1183 in
1204 1117 1536 1204 Capitonis
1582 1116 1735 1184 Atei
1782 1120 2211 1184 coniectaneis
2258 1120 2438 1184 inne-

404 1210 618 1273 nimus
665 1208 950 1274 siticines
998 1207 1372 1292 appellatOS,
1419 1209 1533 1292 qui
1578 1208 1750 1292 apud
1787 1208 1948 1272 sitos
1996 1229 2221 1273 canere
2261 1209 2440 1273 soliti

406 1302 647 1383 essent,
700 1297 826 1362 hoc
876 1300 973 1363 est
1036 1299 1179 1362 uita
1239 1298 1496 1362 functos
1545 1302 1609 1360 et
1673 1300 1979 1382 sepultos,
2044 1319 2283 1382 eosque
2330 1298 2439 1362 ha-

404 1386 618 1451 buisse
664 1386 998 1471 proprium
1044 1408 1246 1472 genus
1294 1386 1516 1470 tubae,
1562 1409 1688 1470 qua
1735 1390 2060 1470 canerent,
2115 1410 2153 1451 a
2199 1392 2440 1453 cetero-

403 1497 545 1540 rum
617 1476 975 1540 tubicinum
1048 1475 1366 1540 differens
1441 1514 1530 1525 —
1608 1475 1763 1541 Gall.
1804 1476 1908 1558 20,
1946 1476 2006 1559 2,
2045 1476 2084 1540 3
2150 1482 2207 1541 et
2250 1498 2327 1542 ex
2373 1498 2439 1543 eo

323 1591 373 1634 ιε
403 1565 567 1630 Non.
611 1567 642 1628 1
680 1587 752 1647 p.
790 1563 878 1630 54
924 1565 1121 1630 Marc.

976 1760 1098 1813 DE
1131 1757 1607 1814 PONTIFIOIO
1643 1758 1866 1812 IVRE.

536 1869 589 1934 8.
635 1868 986 1953 Propterea
1030 1868 1227 1932 uerba
1264 1867 1417 1932 Atei
1458 1866 1790 1952 Capitonis
1839 1891 1916 1931 ex
1963 1869 2191 1951 quinto
2238 1869 2436 1933 libro-

399 1981 560 2042 rum,
608 1979 772 2042 quos
821 1959 896 2022 de
942 1957 1277 2040 pontificio
1323 1959 1463 2022 iure
1518 1959 1909 2041 composuit,
1965 1956 2221 2041 scripsi:
2271 1956 2436 2023 θΤίὶ).

402 2046 806 2112 Coruncanio
881 2046 1174 2130 pontifici
1238 2048 1519 2111 maximo
1586 2046 1783 2111 feriae
1847 2046 2305 2131 praecidaneae
2370 2048 2439 2111 in

314 2166 373 2205 20
400 2142 612 2201 atrum
658 2136 828 2201 diem
874 2138 1291 2222 inauguratae
1341 2140 1508 2200 sunt.
1600 2135 1944 2221 collegium
1983 2135 2266 2200 decreuit
2304 2159 2437 2200 non

399 2226 766 2290 habendum
811 2224 1138 2310 religioni,
1204 2225 1363 2308 quin
1424 2247 1497 2289 eo
1554 2224 1656 2289 die
1720 2226 1916 2342 feriae
1979 2225 2439 2309 praecidaneae

400 2315 652 2379 essent'.
700 2352 788 2360 —
840 2314 1194 2398 Gell.4,6,
1236 2313 1336 2380 10.

534 2404 588 2470 9.
639 2394 988 2486 Mundus'‚
1033 2407 1107 2467 ut
1160 2404 1254 2468 ait
1302 2402 1531 2487 Capito
1577 2401 1807 2466 Ateius
1863 2404 1932 2467 in
1976 2401 2439 2487 1.V1.p0nti-

399 2494 588 2574 ficali,
639 2492 758 2557 ter
811 2494 881 2558 in
935 2515 1102 2557 anno
1160 2495 1380 2575 patere
1437 2491 1601 2556 solet
1647 2491 1870 2557 diebus
1925 2493 2056 2557 his:
2120 2493 2439 2576 postridie

313 2610 371 2651 π
401 2582 780 2648 Volcanalia
825 2585 909 2646 et·
937 2586 1087 2646 ante
1132 2581 1300 2645 diem
1348 2581 1487 2646 III.
1527 2581 1692 2646 Non.
1740 2580 1862 2646 Oct.
1918 2588 1975 2646 et
2029 2587 2175 2646 ante
2231 2582 2440 2647 diem'

403 2671 510 2736 VI.
547 2670 639 2736 Id.
675 2671 741 2737 N
743 2693 871 2736 ou.:
919 2671 1032 2755 qui
1079 2671 1235 2755 quid
1281 2672 1375 2735 ita
1420 2670 1688 2753 dicatur,
1735 2671 1829 2735 sic
1874 2670 2070 2734 refert
2120 2669 2322 2736 Cato⁸
2368 2674 2438 2736 in

401 2762 872 2826 commentariis
929 2761 1087 2824 iuris
1144 2759 1382 2824 ciuilis:
1439 2759 1731 2823 “Mundo
1786 2772 2031 2824 nomen
2078 2761 2440 2843 inpositum

402 2854 499 2915 est
536 2849 613 2913 ab
663 2871 737 2914 eo
783 2850 1042 2933 mund0,
1089 2850 1203 2932 qui
1250 2871 1444 2932 supra
1487 2870 1605 2913 nos
1653 2853 1777 2932 est3
1824 2848 2030 2914 forma
2076 2848 2248 2913 enim
2296 2850 2438 2914 eius

401 2943 515 3022 est,
560 2937 671 3003 ut4
717 2962 795 3004 ex
841 2938 970 3022 his,
1016 2938 1127 3022 qui
1175 2939 1523 3022 intrauere,
1570 2959 1954 3022 cognoscere
1999 2939 2213 3022 potui,
2263 2939 2438 3003 adsi-

311 3056 370 3096 κο
399 3028 570 3093 milis
616 3026 840 3111 illae”3
888 3029 1023 3092 eius
1060 3027 1427 3091 inferiorem
1464 3030 1713 3110 partem
1749 3027 1952 3091 ueluti
1991 3031 2436 3093 consecratam

399 3119 494 3183 dis
542 3118 842 3181 manibus
901 3117 1180 3181 clausam
1238 3117 1413 3181 omni
1477 3120 1764 3199 tempore
1835 3117 1964 3180 nisi
2025 3115 2129 3179 his
2186 3115 2440 3201 diebuS,

399 3209 513 3293 qui
558 3230 750 3291 supra
804 3207 1030 3290 scripti
1084 3208 1260 3289 sunt,
1314 3205 1585 3269 maiores
1643 3210 2009 3270 censuerunt
2058 3205 2438 3287 habendam,

399 3319 561 3381 quos
618 3298 752 3362 dies
818 3296 1011 3360 etiam
1075 3295 1413 3380 religiosos
1477 3294 1924 3358 iudicauerunt
1968 3317 2041 3358 ea
2087 3293 2166 3358 de
2223 3316 2440 3375 causa,

403 3510 409 3519 ,
545 3474 594 3540 1)
632 3489 799 3540 quam
835 3469 1008 3524 libras
1047 3471 1146 3524 del.
1191 3471 1509 3524 Mommsen.
1622 3473 1674 3531 2)
1712 3471 2139 3539 supplementum
2176 3487 2280 3526 suo
2320 3473 2443 3527 Ioco

394 3544 635 3599 restituit
668 3544 786 3597 Hu.
933 3544 986 3611 3)
1023 3541 1133 3596 vid.
1170 3558 1363 3610 supra.
1371 3559 1433 3610 p.
1464 3547 1514 3595 2.
1661 3545 1712 3611 4)
1752 3544 1838 3595 est
1874 3542 1986 3596 cod.
