2650 3917
289 2201 357 2249 20

241 2268 285 2321 t.
316 2285 358 2321 s.

391 106 519 170 160
1013 104 1139 159 GAI
1171 104 1430 159 INSTIT.
1469 106 1496 159 1
1534 109 1760 159 70-74.

385 270 698 354 nupserit,
744 273 959 353 potest
998 290 1076 333 ex
1121 272 1385 333 senatus
1432 269 1728 334 consulto
1776 268 1914 332 filio
1960 272 2114 333 nato
2164 288 2424 332 causam

386 360 624 424 erroris
680 358 978 442 probare:
1034 364 1089 423 et
1132 360 1228 422 ita
1283 379 1506 422 omnes
1560 358 1729 422 fiunt
1783 357 1958 421 ciues
2004 356 2310 440 Romani,
2359 360 2424 420 et

386 448 560 513 filius
607 448 673 513 in
732 451 1052 531 potestate
1107 447 1309 531 patris
1367 468 1507 511 esse
1560 445 1808 530 incipit.
1901 446 1994 511 70.
2041 444 2221 511 Idem
2278 466 2426 510 con-

388 538 690 603 stitutum
755 540 855 600 est
899 535 999 601 etl
1063 536 1119 600 si
1173 536 1444 600 Latinus
1490 557 1605 619 per
1668 557 1949 600 errorem
2013 536 2425 621 peregrinam

389 627 574 711 quasi
609 626 910 691 Latinam
947 629 1059 689 aut
1099 626 1307 690 ciuem
1338 625 1695 689 Romanam
1733 645 1767 687 e
1804 623 1947 711 lege
1974 623 2163 688 Aelia
2201 622 2426 688 Sentia

385 737 656 781 uxorem
712 715 983 779 duxerit.
1078 717 1161 780 71.
1209 713 1550 779 Praeterea
1598 713 1654 777 si
1700 713 1863 778 ciuis
1908 713 2262 797 Romanus,
2314 713 2427 797 qui

389 827 457 870 se
520 804 892 870 credidisset
946 804 1251 868 Latinum
1301 801 1491 886 esse2,
1558 802 1639 867 ob
1687 802 1754 866 id
1809 802 2110 867 Latinam
2171 821 2429 868 uxorem

388 892 689 973 ducem-iffi,
736 893 1140 978 permittitur
1177 891 1278 957 ei4
1314 892 1453 956 filio
1492 896 1645 956 nato
1693 892 1926 956 erroris
1975 913 2235 957 causam
2280 912 2428 975 pro-

387 984 559 1068 bare,
597 987 925 1067 tamquam
953 979 1046 1047 si⁵
1074 1004 1108 1046 e
1137 982 1280 1067 lege
1309 980 1496 1046 Aelia
1527 979 1748 1047 Sentia
1775 1001 2042 1047 uxorem
2073 977 2427 1045 duxissem

388 1073 546 1138 item
600 1072 702 1136 his
716 1070 756 1155 ⁷,
822 1073 933 1155 qui
995 1093 1141 1136 cum
1197 1073 1370 1136 ciues
1415 1069 1692 1135 Romani
1739 1074 1984 1154 essent,
2048 1070 2428 1154 peregrinos

390 1184 457 1228 se
522 1184 661 1227 esse
725 1161 1145 1226 credidissent
1210 1166 1274 1226 et
1338 1161 1709 1245 peregrinas
1773 1181 2008 1224 uxores
2073 1159 2429 1243 duxissent,

388 1250 790 1336 permittitur
835 1271 913 1313 ex
960 1254 1217 1315 senatus
1274 1250 1570 1314 consulto
1618 1248 1757 1313 filio
1813 1253 1967 1312 nato
2025 1269 2285 1312 causam
2333 1270 2428 1312 er-

391 1340 558 1404 roris
613 1338 902 1422 probare.
996 1360 1125 1422 quo
1180 1339 1354 1404 facto
1402 1338 1515 1402 fiet
1562 1359 1727 1402 uxor
1781 1338 1942 1402 ciuis
1988 1336 2309 1421 Romana,
2365 1341 2433 1401 et

390 1430 565 1494 filius
629 1453 660 1487 *
685 1455 712 1485 ἐκ
738 1453 769 1487 *
793 1453 824 1487 ,ιι
849 1452 879 1486 *
905 1454 935 1487 »ι
961 1426 1030 1487 *8
1093 1449 1226 1494 non
1271 1430 1481 1492 solum
1529 1427 1611 1490 ad
1675 1428 2004 1492 ciuitatem
2067 1424 2430 1491 Romanam

393 1518 716 1601 peruenit,
781 1517 893 1581 sed
947 1517 1143 1582 etiam
1199 1518 1267 1581 in
1330 1514 1758 1600 potestatem⁹
1823 1516 2028 1599 patris
2092 1515 2430 1600 redigitur.

395 1607 488 1671 72.
538 1605 992 1690 Quaecumque
1048 1606 1125 1670 de
1170 1605 1309 1670 filio
1359 1627 1497 1672 esse
1511 1603 1563 1641 ¹⁰
1609 1606 1914 1689 diximuS,
1962 1604 2182 1669 eadem
2240 1608 2307 1668 et
2353 1604 2432 1668 de

390 1696 526 1761 filia
586 1696 759 1761 dicta
831 1694 1297 1780 intellegemus.
1393 1695 1489 1759 73.
1536 1694 1626 1758 Et
1687 1698 1999 1779 quantum
2054 1693 2136 1757 ad
2191 1694 2432 1758 erroris

394 1805 652 1851 causam
696 1786 1096 1869 probandam
1142 1786 1394 1868 attinet,
1430 1783 1600 1849 nihil
1644 1784 1930 1866 interest,
1969 1783 2153 1847 cuius
2196 1783 2431 1847 aetatis

391 1875 567 1939 filius
613 1876 698 1939 sit
765 1872 773 1961 Ι
1065 1898 1153 1939 vv.
1192 1882 1237 1938 2
1527 1874 1536 1958 Ι
1606 1874 1661 1937 si
1714 1873 1929 1937 minor
1985 1871 2286 1936 anniculo
2345 1874 2433 1936 sit

391 1965 565 2029 filius
612 1964 848 2047 filiaue,
895 1984 1086 2028 causa
1129 1963 1393 2046 probari
1440 1984 1570 2026 non
1615 1965 1847 2045 potest.
1939 1983 2058 2025 nec
2102 1982 2204 2026 me
2251 1983 2433 2042 prae-

392 2053 545 2118 terit
583 2053 653 2117 in
699 2053 916 2136 aliquo
966 2052 1277 2135 rescripto
1326 2051 1464 2115 diui
1508 2050 1826 2116 Hadriani
1874 2053 1965 2115 ita
2011 2072 2151 2115 esse
2198 2051 2433 2115 consti·

395 2146 637 2226 tutum,
703 2147 1031 2224 tamquam
1097 2141 1272 2225 quod
1334 2141 1417 2204 ad
1480 2141 1717 2204 erroris
1775 2162 1818 2224 q
1847 2164 1880 2200 *
1950 2137 1958 2226 Ι
2258 2164 2349 2203 vv.
2392 2148 2433 2204 3

657 2230 849 2295 dedit.
924 2228 931 2316 Ι
1020 2231 1113 2294 74.
1182 2228 1251 2294 Si
1322 2230 1700 2314 peregrinus
1781 2230 1987 2294 ciuem
2070 2227 2432 2293 Romanam

396 2342 666 2386 uxorem
714 2320 985 2403 duxerit,
1032 2341 1113 2383 an
1151 2341 1231 2383 ex
1278 2323 1537 2383 senatus
1583 2318 1880 2386 consulto
1928 2338 2186 2383 causam
2198 2316 2248 2353 11
2286 2339 2431 2401 pro-

542 2531 591 2595 1)
619 2531 685 2582 ut
708 2529 794 2583 V?
896 2533 949 2600 2)
979 2546 1101 2584 esse
1130 2532 1187 2583 et
1205 2530 1271 2584 V.
1377 2532 1428 2600 3)
1458 2545 1688 2584 uxorem
1708 2529 1932 2584 duxerit
1958 2530 2139 2598 suppl.
2165 2528 2433 2599 Krueqer.

394 2602 448 2669 4)
488 2600 567 2654 eis
605 2600 672 2654 V.
828 2605 881 2670 5)
919 2602 1086 2655 modo
1123 2601 1188 2655 V.
1366 2605 1419 2670 6)
1459 2601 1751 2655 duxissent
1787 2600 1855 2654 V.
1921 2601 2038 2656 Hu.
2078 2601 2242 2655 verba
2289 2604 2434 2655 tam-

394 2671 930 2740 quam—duxissent
993 2673 1256 2742 (duxerit)
1331 2675 1669 2742 transposita
1713 2678 1872 2727 ratus
1934 2674 2111 2727 locum
2169 2672 2436 2738 (fortasse

394 2747 553 2810 recte)
593 2744 673 2798 sic
708 2746 1017 2799 constituit:
1054 2743 1354 2798 Praeterea
1392 2743 1439 2796 si
1477 2743 1618 2797 ciuis
1657 2743 1967 2810 Romanus,
2020 2742 2120 2811 qui
2157 2758 2218 2797 se
2254 2743 2435 2797 credi-

397 2813 573 2868 disset
609 2814 875 2868 Latinum
931 2831 1079 2882 esse,
1135 2814 1206 2868 ob
1244 2815 1306 2868 id
1343 2815 1605 2868 Latinam
1659 2817 1955 2883 tamquam
2009 2813 2176 2867 modo
2231 2830 2262 2867 e
2308 2814 2437 2885 lege

394 2885 559 2939 Aelia
598 2884 793 2941 Sentia
828 2903 1059 2941 uxorem
1097 2886 1347 3010 duxerivt‚
1393 2886 1746 2955 permittitur
1782 2886 1836 2940 ei
1881 2885 2000 2940 filio
2047 2887 2182 2939 nato
2231 2887 2436 2940 erroris

396 2974 626 3011 causam
662 2956 917 3027 probare.
1067 2961 1119 3026 7)
1158 2956 1308 3010 hiV
1312 3000 1322 3011 .
1472 2961 1524 3027 8)
1561 2965 1757 3026 septem
1792 2959 1906 3024 fere
1949 2959 2160 3014 litterae
2199 2957 2310 3027 leyi
2346 2976 2439 3013 ‘ne-

397 3034 631 3098 quemn,-
676 3031 784 3084 alii
818 3031 981 3084 alite-r
1015 3030 1284 3098 supplent.
1443 3032 1496 3099 9)
1534 3031 1818 3098 potestate
1856 3029 1923 3082 V.
2094 3032 2182 3097 10)
2219 3030 2442 3085 videtur

396 3118 518 3155 cum
557 3100 891 3156 Pelenaario
929 3101 1216 3155 delendum
1252 3116 1375 3155 esse.
1540 3104 1628 3169 11)
1669 3100 1923 3172 causam]
1960 3099 1998 3153 b
2035 3099 2102 3153 V.

539 3285 569 3345 ξ
610 3284 693 3334 72.
750 3280 819 3345 cf.
866 3296 1040 3348 cupra
1081 3285 1128 3346 1,
1160 3282 1268 3331 32⁸.
1343 3278 1414 3343 cf.
1463 3276 1579 3331 filio
1635 3278 1824 3332 filiaue
1889 3277 2015 3347 Ulp.
2055 3281 2105 3344 3,
2136 3282 2185 3332 3.
2273 3278 2447 3336 liberi

410 3350 705 3488 Πιμξτῗῖζ..
753 3422 822 3487 cf.
861 3438 1034 3491 supra
1075 3427 1121 3488 1,
1153 3426 1238 3474 29.

540 3500 570 3560 ξ
612 3499 694 3548 74.
752 3494 823 3559 cf.
861 3510 1035 3563 supra
1075 3498 1121 3558 1,
1154 3498 1239 3547 68.
