2650 3917
347 116 477 181 258
944 114 1070 169 GAI
1104 114 1360 169 INSTIT.
1396 116 1448 169 Π
1483 121 1787 174 259—262.

278 275 281 282 ’
346 280 516 364 perit
528 277 568 362 ¹,
615 279 899 345 actiones
946 278 1202 362 dentur,
1258 300 1333 344 ac
1379 280 1536 344 iuris
1583 283 1751 345 esset
1797 302 1877 343 ex
1923 282 2183 345 senatus
2230 300 2388 344 con-

217 2345 318 2392 122

349 369 519 436 sulto
549 366 972 432 Trebelliano.
1059 389 1187 452 quo
1222 390 1373 433 casu
1408 367 1607 434 nullis
1646 367 2176 453 stipulationibus
2216 390 2392 452 opus,

349 463 465 543 est,
510 457 664 542 quia
708 456 901 522 simu]
947 461 1012 522 et
1056 456 1233 541 huic,
1281 458 1393 542 qui
1437 458 1750 541 restituit,
1806 459 2113 523 securitas
2172 457 2388 541 datur,

349 552 415 614 et
476 547 762 613 actiones
824 545 1245 613 hereditariae
1300 546 1362 612 ei
1414 550 1482 611 et
1542 547 1613 612 in
1676 570 1823 612 eum
1885 547 2390 633 transferuntur,

350 638 464 722 qui
508 632 859 720 receperit⁸
894 634 1335 701 hereditatem.
1425 635 1559 702 259.
1605 635 1790 701 Nihil
1830 640 2047 701 autem
2094 637 2390 719 interest,

348 731 568 791 utrum
606 724 842 809 aliquis
881 746 958 789 ex
996 746 1135 791 asse
1170 724 1357 790 heres
1403 724 1777 791 institutus⁸
1813 730 1926 791 aut
1962 730 2169 791 totam
2205 725 2390 790 here-

350 815 616 880 ditatem
664 817 778 879 aut
822 836 940 897 pro
987 817 1172 898 parte
1217 815 1558 880 restituere
1602 819 1894 901 rogetur,
1941 837 2024 879 an
2069 838 2149 880 ex
2197 819 2387 899 parte

348 904 534 970 heres
606 903 944 970 institutus
1009 907 1122 967 aut
1186 907 1392 967 totam
1457 926 1598 968 eam
1670 908 1917 988 partem
1992 907 2106 968 aut
2179 904 2386 988 partis

348 998 598 1079 partem
642 992 981 1059 restituere
1024 996 1304 1078 rogetur.
1395 1015 1546 1057 nam
1583 997 1648 1057 et
1681 992 1810 1058 hoc
1847 1015 2002 1059 casu
2037 993 2116 1057 de
2155 998 2392 1077 quarta

350 1087 533 1168 parte
579 1084 715 1147 eius
763 1082 966 1165 partis
1013 1083 1179 1147 ratio
1227 1104 1304 1146 ex
1350 1082 1705 1167 Pegasiano
1767 1086 2028 1148 senatus
2085 1081 2388 1147 consulto

349 1172 575 1237 haberi
619 1170 801 1238 solet.

487 1260 621 1326 260.
668 1260 894 1325 Potest
940 1263 1155 1325 autem
1210 1260 1481 1344 quisque
1537 1260 1731 1325 etiam
1777 1282 1879 1326 res
1935 1259 2225 1346 singulas
2271 1282 2392 1345 per

352 1351 921 1416 fideicommissum
983 1348 1375 1433 relinquere,
1437 1348 1619 1413 uelut
1681 1349 1971 1434 fundum,
2034 1349 2391 1436 hominem,

354 1445 599 1505 uestem
610 1437 654 1519 4,
720 1442 1087 1524 argentum,
1140 1439 1505 1524 pecuniam3
1565 1443 1631 1503 et
1675 1438 1783 1503 uel
1826 1440 2042 1522 ipsum
2086 1438 2392 1503 heredem

352 1551 600 1615 rogare,
644 1532 718 1592 ut
765 1527 957 1593 alicui
1001 1529 1329 1612 restituat,
1383 1526 1490 1592 uel
1536 1528 1947 1613 legatarium,
2002 1529 2303 1613 quamuis
2351 1551 2393 1592 a.

353 1619 665 1706 legatario
713 1616 915 1702 legari
958 1639 1094 1682 non
1136 1618 1360 1701 possit.
1453 1617 1577 1681 261.
1623 1614 1790 1682 Item
1845 1621 2065 1701 potest
2107 1640 2242 1683 non
2289 1639 2395 1683 so-

355 1709 491 1772 lum
528 1707 791 1792 propria
827 1706 1156 1771 testatoris
1193 1727 1294 1772 res
1332 1727 1448 1791 per
1482 1705 2050 1780 fideicommissum
2087 1706 2392 1792 relinqui,

356 1797 469 1864 sed
513 1796 710 1861 etiam
755 1795 1008 1860 heredis
1055 1798 1167 1859 aut
1211 1794 1509 1881 legatarii
1554 1799 1668 1861 aut
1712 1795 2059 1862 cuiuslibet
2104 1796 2391 1862 alterius.

355 1888 574 1971 itaque
613 1890 677 1950 et
722 1884 1072 1971 legatarius
1116 1906 1248 1949 non
1297 1884 1506 1950 solum
1544 1885 1622 1949 de
1660 1907 1737 1949 ea
1773 1908 1844 1951 re
1888 1885 2107 1971 rogari
2152 1889 2393 1970 potest,

357 1980 432 2041 ut
475 1998 616 2040 eam
662 1974 857 2040 alicui
901 1973 1226 2059 restituat,
1274 1995 1438 2058 quae
1485 1975 1546 2039 ei
1589 1973 1804 2061 legata
1857 1975 1969 2060 sit,
2026 1973 2139 2040 sed
2191 1977 2391 2040 etiam

358 2065 435 2129 de
473 2064 617 2149 alia,
655 2066 791 2130 siue
827 2064 1030 2147 ipsius
1068 2062 1365 2148 legatarii
1402 2064 1539 2128 siue
1576 2062 1785 2129 aliena
1822 2064 1921 2129 sit.
2018 2061 2227 2149 [sed]⁵
2262 2065 2393 2130 hoc

357 2154 567 2220 solum
604 2152 1075 2218 obseruandum
1113 2156 1228 2237 est,
1262 2175 1346 2217 ne
1380 2151 1529 2236 plus
1567 2153 1907 2238 quisquam
1941 2158 2209 2239 rogetur
2244 2152 2395 2218 aliis

356 2245 717 2327 restituere,
791 2264 984 2326 quam
1047 2242 1187 2326 ipse
1251 2264 1330 2308 ex
1396 2246 1780 2307 testamento
1845 2244 2112 2329 ceperit3
2173 2264 2326 2306 nam
2382 2241 2390 2330 ι

358 2332 533 2417 quod
604 2330 881 2416 amplius
954 2334 1078 2417 est,
1150 2330 1468 2396 inutiliter
1537 2331 1941 2416 relinquitur.
2035 2330 2171 2397 262.
2225 2330 2395 2397 Cum

503 2546 554 2613 1)
590 2542 796 2612 recipit
838 2541 1211 2597 hereditatem
1251 2545 1390 2598 Inst.
1609 2545 1662 2613 2)
1697 2542 1914 2612 recepit
1951 2545 2246 2599 Pozenaaoe.

360 2618 412 2757 Ξ)
450 2615 922 2742 {gatimnslffmmt
978 2613 1312 2669 instituatur
1346 2613 1414 2669 V.
1525 2617 1578 2685 4)
1615 2617 1833 2669 uestem
1868 2615 2010 2671 Inst.
2063 2618 2287 2670 ucteste
2325 2616 2396 2672 V.

501 2872 532 2932 ς
571 2870 692 2920 253.
731 2891 799 2911 =
828 2867 877 2919 1.
918 2870 969 2932 2,
998 2869 1084 2933 23,
1113 2869 1163 2918 3.
1220 2865 1289 2932 cf.
1319 2865 1397 2918 D.
1428 2868 1514 2932 36,
1545 2869 1595 2932 1,
1623 2866 1841 2935 23(27),
1870 2868 1902 2919 3
1941 2866 2073 2936 (Iul.
2104 2866 2248 2934 569).
2305 2871 2397 2934 36,

363 2946 411 3008 1,
440 2942 506 2991 46
528 2939 658 3008 (44),
688 2943 715 2990 1
760 2937 1048 3077 §Marcam
1090 2936 1230 3004 173).
1287 2940 1374 3004 36,
1405 2941 1454 3004 1,
1485 2940 1552 2989 17
1572 2939 1701 3007 (16),
1728 2941 1762 2988 4
1807 2936 1965 3007 (Uip.
2005 2939 2183 3007 1330).
2242 2936 2301 2992 G.
2343 2943 2397 3006 6,

358 3015 426 3065 49
476 3015 507 3063 2
565 3027 618 3064 α.
657 3012 798 3063 244.

432 3053 447 3079 ’
502 3011 693 3147 §(260.
731 3105 799 3125 =
828 3081 877 3134 I.
918 3086 969 3147 2,
998 3083 1066 3133 24
1076 3096 1167 3148 pr.
1225 3079 1294 3145 cfi
1339 3078 1454 3135 Gai
1487 3080 1613 3148 epit.
1653 3084 1704 3147 2,
1735 3083 1784 3147 ’7,
1815 3084 1971 3133 1-3.
2042 3078 2137 3133 uel
2171 3079 2397 3149 legata—

357 3154 528 3224 rium]
567 3152 634 3219 οἷ.
673 3151 834 3218 infra
870 3157 921 3219 2,
950 3156 1072 3204 271.
1137 3149 1262 3218 Ulp.
1302 3154 1389 3217 24,
1417 3153 1505 3204 20.

502 3229 533 3290 §⁶
572 3229 693 3277 261.
718 3248 799 3270 .=
829 3224 879 3277 Ι.
920 3228 970 3290 2,
1000 3226 1086 3289 24,
1117 3227 1165 3274 1.
1231 3220 1300 3287 cf.
1355 3222 1470 3277 Gai
1521 3221 1646 3291 φῆ.
1687 3226 1737 3288 2,
1769 3225 1818 3288 ⁷,
1847 3224 1905 3287 4;
1937 3225 1986 3274 6.
2063 3221 2183 3290 Ulp.
2225 3226 2312 3289 25,
2344 3227 2392 3275 5.

361 3297 528 3351 Paul.
568 3300 620 3362 4,
652 3301 701 3362 1,
732 3298 789 3360 ⁷3
820 3299 869 3348 8.
925 3295 1002 3349 D.
1043 3297 1130 3360 30,
1162 3297 1282 3360 114,
1312 3296 1344 3345 3
1383 3294 1691 3362 (Marciam.
1732 3294 1875 3360 132).

502 3372 533 3433 ς
573 3370 694 3421 262.
734 3391 800 3411 =
831 3368 879 3421 Ι.
911 3371 961 3434 2,
991 3370 1077 3433 24,
1108 3370 1156 3417 1.
1195 3365 1263 3431 cf.
1298 3363 1414 3419 Gai
1439 3366 1563 3433 epit.
1595 3370 1646 3431 2,
1676 3368 1725 3431 ’1,
1756 3368 1806 3417 6.
1857 3363 1980 3432 Ulp.
2011 3367 2097 3431 26,
2126 3368 2176 3417 5.
2224 3365 2394 3418 Paul.

363 3443 414 3505 4,
446 3444 495 3500 1,
526 3442 574 3490 7.
629 3438 706 3491 D.
748 3441 834 3504 32,
863 3442 950 3504 30,
978 3443 1010 3490 6
1050 3436 1211 3506 (Lab.
1251 3453 1342 3504 ap.
1381 3436 1500 3491 Iav.
1543 3437 1685 3506 172).
1751 3439 1839 3503 32,
1869 3440 1956 3503 14,
1985 3440 2015 3488 2
2055 3434 2209 3504 (Gai.
2247 3437 2396 3505 390).

366 3509 425 3564 G.
465 3512 515 3575 6,
543 3513 629 3575 42,
660 3513 711 3575 6,
743 3514 771 3560 1
812 3510 886 3576 (a.
926 3509 1070 3577 224).
