2650 3917
584 170 685 224 AD
731 169 1023 226 VLPIANI
1057 170 1394 226 R-EGVLAS
1431 171 1992 227 PRAEMONITVM.
2180 175 2310 238 441

273 336 425 419 tus’‚
472 357 634 419 quae
662 334 858 399 verba
887 334 965 398 ad
1012 334 1503 418 inscriptionem
1535 336 1747 418 operis
1785 337 2104 420 pertinere
2131 341 2314 420 puta-

271 426 384 489 bat
429 428 542 489 aut
586 447 707 509 pro
759 424 1159 507 praefatione
1215 425 1493 507 quadam
1546 425 1854 507 habebat,
1908 425 2314 511 rubricisque

267 535 571 579 numeros
617 513 865 578 addidit
909 511 1268 579 I—XXIX.

407 602 804 688 Editionum‚
852 625 1126 687 quarum
1167 603 1528 687 principem
1575 625 1807 688 operae
1852 602 1988 668 Ioh.
2018 604 2173 668 Tilii
2209 605 2312 668 de-

272 693 412 756 beri
458 713 652 776 supra
697 696 1271 758 commemoratum
1319 697 1433 778 est,
1487 692 1872 758 novissimas
1911 714 2314 760 enumerasse

272 781 430 846 satis
474 781 804 846 habemus.
880 781 1083 846 edidit
1118 781 1357 846 librum
1395 781 1795 868 Regularum
1833 781 1952 845 Ed.
1980 781 2316 870 Boecking

279 874 525 955 quater,
572 869 872 954 quartum
919 869 1177 955 Lipsiae
1234 893 1284 934 a.
1340 870 1530 954 1855,
1587 869 1895 936 Huschke
1952 871 2315 956 quinquieS,

274 960 575 1042 quintum
641 982 694 1023 a.
765 959 956 1044 1886,
1019 958 1155 1024 Ioh.
1222 959 1479 1024 Vahlen
1523 960 1787 1025 Bonnae
1854 983 1906 1024 a.
1977 961 2166 1044 1856,
2243 961 2310 1025 Ρ.

272 1048 566 1133 Krueger
621 1049 691 1112 in
751 1046 1145 1115 Collectione
1212 1049 1529 1114 librorum
1594 1050 1753 1114 iuris
1827 1049 2310 1115 anteiustiniani

277 1142 428 1203 tom.
463 1136 529 1202 II
572 1137 862 1204 Berolini
900 1160 953 1203 a.
996 1138 1187 1222 1878,
1231 1138 1571 1203 Muirhead
1618 1137 1978 1225 Edinburgi
2026 1161 2080 1202 a.
2122 1138 2315 1224 1895,

275 1226 508 1292 Girard
553 1227 816 1292 Parisiis
864 1229 1128 1292 tertium
1184 1250 1237 1292 a.
1282 1226 1472 1292 1903.
1562 1227 1793 1292 harum
1850 1228 2139 1292 omnium
2186 1228 2314 1292 edi-

267 1318 520 1382 tionum
579 1321 794 1382 textus
849 1319 1085 1382 nititur
1148 1318 1522 1403 apographo
1590 1318 1827 1382 codicis
1873 1316 2176 1382 Vaticani
2230 1317 2311 1381 ab

270 1405 553 1471 Hem-ico
592 1405 818 1471 Brunn
866 1410 1160 1471 accurate
1208 1407 1521 1490 confectO,
1569 1408 1742 1491 quod
1787 1406 1963 1492 typis
2008 1407 2314 1471 mandan-

273 1495 426 1559 dum
464 1496 714 1560 curavit
751 1500 815 1561 et
854 1495 1124 1560 editioni
1162 1518 1313 1560 suae
1353 1501 1616 1580 quartae
1655 1496 1927 1561 subiecit
1957 1496 2310 1583 Boecking.

266 1583 616 1648 nonnullos
662 1583 841 1649 locos
891 1585 1128 1649 codicis
1177 1585 1385 1649 denuo
1445 1586 1836 1650 examinavit
1883 1585 1951 1648 P.
2000 1585 2309 1672 Krueger.

274 1683 395 1737 nos
435 1673 502 1736 in
532 1674 957 1758 significanda
994 1674 1233 1740 codicis
1270 1674 1547 1739 lectione
1589 1675 1909 1760 imprimis
1948 1674 2050 1739 usi
2089 1697 2311 1738 sumus

269 1761 665 1827 editionibus
705 1761 985 1827 Vahleni
1032 1767 1098 1827 et
1139 1763 1476 1848 Kruegeri.
1569 1764 1831 1827 mendas
1878 1763 2128 1828 librarii
2171 1763 2302 1828 vul-

269 1872 485 1935 gares,
533 1853 713 1916 velut
761 1853 937 1935 quod
991 1853 1267 1917 mutavit
1314 1876 1349 1916 e
1395 1854 1463 1916 in
1509 1854 1558 1937 i,
1604 1875 1650 1916 u
1695 1854 1763 1916 in
1810 1873 1876 1934 0,
1932 1853 1973 1915 d
2018 1852 2086 1916 in
2131 1856 2160 1917 t
2205 1855 2310 1918 vel

275 1945 517 2023 contra,
565 1941 736 2023 quod
763 1943 1045 2024 *scripsit
1073 1963 1106 2005 e
1143 1963 1262 2025 pro
1303 1963 1380 2006 oe
1407 1943 1512 2006 vel
1549 1964 1641 2025 ae,
1688 1940 1926 2005 similia
1970 1963 2102 2005 non
2147 1941 2310 2007 indi-

270 2030 557 2093 cavimus
603 2029 732 2094 nisi
779 2032 859 2094 iis
904 2031 1084 2114 lociS,
1150 2030 1388 2115 quibus
1426 2031 1503 2095 de
1552 2052 1742 2095 sensu
1790 2030 2111 2096 dubitatio
2161 2031 2308 2095 inde

271 2118 426 2183 oriri
473 2140 665 2203 posse
712 2119 1067 2184 videbatur.
