2650 3917
785 173 1145 229 VALERIVS
1181 174 1466 230 PROBVS
1506 182 1553 229 1.
1594 182 1645 232 2.
2146 176 2231 241 83

871 424 1238 492 VALERII
1283 425 1549 515 PROBI

815 529 912 584 DE
948 529 1142 585 IVRIS
1178 529 1600 585 NOTARVM.¹

323 638 373 704 1.
422 637 547 703 Est
609 639 803 704 etiam
864 641 1034 704 circa
1096 641 1583 724 perscribendas
1647 640 1754 706 uel
1816 640 2228 725 paucioribus

196 727 508 792 notandas
572 749 768 794 uoces
841 728 1128 793 studium
1199 732 1649 794 necessarium.
1744 731 1917 815 quod
1990 731 2228 813 partim

193 838 306 901 pro
371 817 713 882 uoluntate
777 818 1086 901 cuiusque
1136 819 1232 902 fit,
1292 818 1532 903 partim
1591 840 1710 904 pro
1774 841 1902 884 usu
1964 818 2226 904 publico
2283 847 2308 888 5

194 910 257 970 et
300 900 753 971 obseruatione
800 909 1142 972 communi
1233 929 1512 991 namque
1558 909 1730 992 apud
1787 912 2033 973 ueteres
2082 930 2226 972 cum

191 1016 341 1060 usus
387 999 704 1063 notarum
735 996 953 1061 nullus
1010 1001 1199 1079 esset,
1253 1001 1521 1080 propter
1576 997 1897 1062 scribendi
1953 996 2226 1062 difficul-

192 1080 423 1149 tatem²
482 1084 759 1148 maxime
810 1085 880 1149 in
938 1089 1165 1150 senatu
1225 1087 1341 1168 qui
1402 1085 1738 1157 scribendo
1799 1087 2093 1169 aderant,
2151 1091 2228 1151 ut

191 1172 479 1238 celeriter
533 1173 703 1238 dicta
755 1173 1388 1258 comprehenderent,
1435 1176 1749 1278 quaedam
1788 1175 1986 1241 uerba
2031 1180 2226 1259 atque

190 1265 452 1327 nomina
496 1284 577 1326 ex
623 1264 951 1328 communi
996 1284 1311 1328 consensu
1358 1265 1586 1348 primis
1630 1264 1866 1330 litteris
1911 1265 2227 1330 notabant
2254 1293 2307 1332 ιο

190 1356 268 1434 et,
303 1350 600 1437 singulae
636 1352 888 1417 litterae
927 1352 1084 1436 quid
1122 1352 1634 1439 significarent,
1615 1377 1685 1417 m
1720 1358 2026 1439 promptu
2073 1358 2224 1419 erat.

189 1438 452 1525 quod⁸
431 1463 503 1505 m
538 1439 1085 1544 praenominibus,
1112 1441 1368 1527 legibus
1401 1443 1680 1527 publicis
1717 1444 2226 1527 pontificumque

183 1530 617 1595 monumentis
654 1534 721 1595 et
756 1531 825 1594 in
862 1531 1022 1594 iuris
1062 1530 1310 1596 ciuilis4
1345 1531 1530 1596 libris
1577 1533 1947 1597 etiamnunc
1991 1536 2223 1597 manet
2312 1608 2317 1613 ,

184 1618 266 1684 ad
312 1640 473 1704 quas
532 1619 901 1683 notationes
956 1620 1249 1704 publicas
1307 1618 1596 1686 accedit5
1659 1621 1872 1686 etiam,
1911 1621 2222 1686 studioso-

180 1730 323 1773 rum
377 1707 716 1792 uoluntas,
770 1705 888 1773 ut⁶
940 1709 1386 1794 unusquisque
1446 1710 1797 1775 familiares
1853 1710 1979 1775 sibi
2031 1714 2223 1775 notas
2252 1737 2302 1778 ιε

181 1819 301 1881 pro
345 1798 690 1862 uoluntate
736 1798 1048 1884 sigiaret3
1098 1820 1259 1881 quas
1308 1798 1850 1883 comprehendere
1896 1799 2222 1864 infinitum

179 1890 292 1952 est.
382 1885 682 1970 publicae
721 1908 873 1951 sane
919 1887 1247 1972 tenendae,
1285 1910 1450 1971 quae
1488 1889 1557 1952 in
1602 1889 2036 1953 monumentis
2081 1888 2222 1972 plu-

174 1976 363 2040 rimis
410 1980 480 2040 et
522 1976 592 2039 in
646 1973 1060 2078 historiarum
1108 1976 1292 2041 libris
1342 1978 1674 2097 sacrisque
1720 1977 1998 2061 publicis
2045 1999 2221 2062 repe-

173 2066 457 2150 riuntur,
502 2069 579 2130 ut

309 2207 370 2273 2.
509 2205 589 2270 P·
1149 2207 1422 2273 Publius
1436 2206 1459 2244 ⁷
2251 2237 2302 2277 ιο

505 2294 552 2360 C
567 2294 609 2343 ·⁸
1151 2295 1345 2361 Graius
1488 2346 1491 2349 n
2210 2348 2213 2351 .

502 2384 597 2448 M·
1148 2386 1408 2451 Marcus

504 2471 676 2539 CN·⁹
1153 2473 1407 2540 Gnaeus

505 2561 557 2639 Q
570 2597 584 2611 ·
1145 2562 1423 2639 Quintus

495 2651 609 2716 ΜΤ·
624 2650 673 2688 ¹⁰
1147 2653 1402 2718 Manius
1417 2653 1467 2691 ¹¹
2248 2681 2297 2719 25

313 2849 372 2916 1)
413 2847 826 2916 inscriptionem
874 2845 1164 2911 manifesto
1214 2848 1493 2912 vitiosam,
1549 2849 1751 2903 scilicet
1802 2863 1916 2901 non
1970 2848 2040 2901 ab
2095 2849 2216 2916 ipso

165 2919 373 2984 Probe,
413 2918 507 2972 sed
539 2918 777 2984 fortasse
812 2935 849 2971 a
887 2916 1024 2972 Icto
1072 2919 1294 2983 infimae
1347 2921 1570 2984 aetatis,
1609 2921 1707 2992 qui
1742 2919 1916 2973 Probi
1951 2935 2089 2988 opus
2123 2935 2213 2972 εω-

169 3061 288 3115 Ha.
346 2990 875 3114 saadultassgrenfudgndd.
1026 3062 1077 3129 3)
1087 3006 1268 3129 'guod
1304 3007 1378 3114 ng
1425 3007 1601 3115 (3οάἷῖς
1613 2988 2215 3129 Ὺονῗιέεέἕῌὲιιὲᾞὲιεῃ

167 3131 287 3186 Ha.
414 3135 469 3200 4)
510 3129 777 3185 ciuilibus
818 3130 1014 3186 ΛΟΜ·
1066 3130 1252 3185 ciuilis
1291 3132 1415 3186 dett
1564 3134 1617 3202 5)
1657 3132 1877 3186 accedit
1913 3133 2063 3187 codd.
2123 3147 2213 3185 ac·

166 3202 342 3256 cessit
379 3203 501 3257 Hu.
661 3203 716 3270 6)
753 3203 821 3255 ut
858 3200 953 3257 Αἱ
994 3203 1052 3254 et
1088 3202 1314 3267 A¹GM;
1360 3205 1446 3257 set
1480 3203 1866 3273 unusquisque
1906 3203 2215 3257 familiares

167 3272 279 3328 sibi
343 3276 515 3328 notas
577 3289 681 3344 pro
746 3272 1041 3327 uoluntate
1097 3291 1248 3358 quas
1305 3275 1547 3344 signarit
1610 3274 2081 3345 comprehendere
2134 3274 2215 3330 ed.

167 3346 432 3401 Momm.
470 3347 664 3401 altera
792 3346 845 3413 Ι7)
882 3344 949 3396 L·
989 3344 1193 3399 Lucius
1224 3347 1418 3400 inserit
1447 3345 1627 3401 Geltes.
1740 3349 1793 3415 8)
1833 3345 1873 3400 G
1910 3347 2120 3401 exhibet
2157 3346 2216 3401 0.-

165 3413 214 3469 Θ
245 3418 465 3473 habent
497 3416 635 3472 AM
642 3416 702 3471 V
831 3417 883 3485 9)
923 3413 1051 3469 GN·
1091 3417 1244 3472 codd.
1395 3419 1480 3484 10)
1519 3418 1649 3471 MA
1690 3418 1842 3473 codd.
1971 3419 2058 3486 11)
2095 3416 2213 3469 Ma-

165 3488 370 3542 cunius
412 3488 520 3544 AG
529 3487 587 3541 V.
642 3486 941 3541 Macuuius
981 3488 1064 3541 M.
1151 3489 1267 3542 Hu.
1306 3491 1622 3557 suspicatur
1662 3491 1859 3544 Manii
1893 3496 1944 3543 et
1979 3489 2217 3542 Pacuvii

163 3566 333 3614 ποωε
368 3562 434 3615 in
469 3570 647 3614 unam
683 3559 956 3626 conflatas
989 3575 1113 3613 esse.

1826 3656 1857 3704 6
1870 3650 1896 3679 t
