2650 3917
27 253 33 298 fir
27 0 41 224 *va-..a

678 139 785 195 HV
786 139 1025 195 SOHKII
1059 139 1472 198 PRAEFATIO
1511 140 1612 196 AD
1648 141 1764 198 ED.
1801 140 1871 198 V.
2138 140 2296 195 xvn

389 310 563 379 Quae
608 327 742 368 cum
787 308 1024 368 retento
1071 311 1266 388 elogio
1313 312 1525 369 auctae
1570 313 1632 369 et
1676 310 2024 371 emendatae
2070 310 2292 386 prodit,

252 400 370 461 hoc
408 398 570 475 quod
598 398 676 457 ad
713 401 940 458 ceteras
979 399 1219 474 quidem
1254 402 1459 475 partes
1498 400 1862 459 collectionis
1899 401 2136 474 attinet,
2163 419 2293 458 rur-

256 507 359 549 sus
396 492 463 548 ut
501 488 564 546 in
603 491 822 564 quarta
859 488 1121 547 editione
1166 490 1548 564 potissimum
1584 489 1661 547 ad
1700 487 1838 548 Gaii
1872 489 2293 548 Institutiones

257 596 416 639 nunc
465 573 938 653 ‘supplementis
988 573 1537 637 Studemundianis'
1587 580 1795 637 auctas
1839 578 2049 638 referri
2093 579 2293 654 velim,

256 668 332 728 de
370 686 491 743 qua
525 687 591 724 re
629 667 693 725 in
730 665 1103 743 praefatione
1140 667 1433 742 peculiari
1472 667 1807 726 accuratius
1845 667 2113 728 disserui.

390 756 646 816 Interim
683 759 888 814 tamen
916 756 1099 815 etiam
1127 774 1321 815 novae
1360 756 1658 831 quaedam
1682 757 1973 833 reliquiae
2000 757 2292 833 iurispru-

258 845 498 905 dentiae
536 844 1041 905 anteiustinianae
1076 846 1142 903 in
1180 845 1374 904 lucem
1412 848 1755 921 protractae
1786 849 1942 922 sunt,
1972 865 2125 921 quae
2161 865 2293 922 per-

258 934 479 994 modici
506 951 615 993 nec
643 952 833 1010 paene
871 935 1184 1009 separatae
1222 935 1476 993 editioni
1500 935 1566 993 in
1602 938 1907 1011 posterum
1944 934 2295 993 sufficientis

259 1023 522 1083 ambitus
562 1022 636 1082 ob
673 1023 738 1081 id
773 1022 973 1099 ipsum
1009 1023 1201 1081 multo
1242 1026 1445 1099 aptius
1483 1024 1820 1083 collectioni
1856 1025 2199 1083 inseruntur
2236 1028 2296 1083 et

254 1115 346 1172 ita
384 1113 540 1171 hanc
576 1112 850 1190 syllogen
898 1114 1168 1171 nostram
1213 1112 1407 1172 denuo
1456 1113 1744 1172 edendam
1791 1133 1899 1190 pro
1946 1114 2195 1173 consilio
2236 1116 2297 1172 et

259 1204 496 1262 ratione
532 1200 661 1260 eius
699 1203 873 1276 quasi
908 1201 1266 1262 naturaliter
1303 1205 1615 1261 auxerunt.

393 1292 488 1349 Ex
521 1290 844 1366 Papiniani
879 1291 1200 1367 Responsis
1247 1293 1309 1350 et
1355 1291 1509 1351 libro
1558 1291 1800 1366 quidem
1848 1310 2054 1351 eorum
2100 1294 2296 1368 primo

257 1384 430 1440 extra
466 1378 792 1439 Iustiniani
838 1398 1051 1455 corpus
1089 1381 1237 1439 iuris
1275 1384 1455 1439 antea
1490 1382 1671 1457 pauci
1714 1383 1956 1439 tantum
1991 1400 2197 1441 versus
2237 1384 2298 1440 et

261 1472 440 1547 quasi
475 1471 542 1527 in
578 1471 931 1528 memoriam
966 1468 1066 1527 vel
1101 1469 1389 1529 honorem
1423 1470 1599 1528 modo
1638 1472 1798 1528 tanti
1833 1470 1950 1529 viri
1987 1471 2296 1530 Breviario

257 1560 610 1618 Alariciano
678 1560 905 1618 servati
969 1561 1156 1617 erant.
1239 1558 1643 1638 ‚Accesserant
1706 1578 1866 1618 nunc
1923 1579 1992 1618 ex
2054 1560 2297 1636 proprio

254 1651 724 1727 pervetustoque
758 1648 937 1707 huius
985 1648 1180 1723 operis
1218 1666 1353 1706 cum
1401 1646 1559 1707 notis
1596 1648 1772 1707 Pauli
1818 1652 1880 1707 et
1914 1648 2164 1725 Ulpiani
2203 1668 2296 1709 co-

256 1738 391 1798 dice
436 1740 633 1814 primo
694 1738 909 1796 folium
959 1737 1332 1813 duplicatum
1380 1737 1764 1796 Berolinense
1816 1741 1878 1796 et
1926 1739 2109 1814 paulo
2161 1742 2300 1815 post

258 1828 459 1888 frusta
497 1825 793 1902 quaedam
820 1825 1068 1885 Parisiis
1099 1828 1425 1901 asservata,
1452 1826 1603 1884 illud
1637 1825 1791 1885 libro
1829 1829 2058 1903 quinto,
2085 1828 2299 1887 haecce

256 1916 416 1977 libro
466 1933 625 1975 nono
673 1915 1058 1993 assignanda:
1104 1919 1359 1991 utraque
1406 1934 1573 1992 vere,
1621 1920 1917 1991 quatenus
1965 1936 2070 1975 suo
2117 1919 2301 1976 nitori

251 2007 587 2085 potuerunt
620 2005 890 2079 restitui,
925 2022 1130 2064 rursus
1176 2005 1624 2081 praeclarorum
1667 2006 1881 2064 horum
1925 2007 2301 2084 ingeniorum

257 2096 528 2172 insignes
565 2093 781 2154 foetus,

401 2183 519 2243 Sed
556 2186 618 2242 et
663 2183 784 2259 ipsi
819 2181 1081 2258 Ulpiano
1129 2201 1238 2242 suo
1285 2185 1526 2243 nomine
1564 2187 1625 2242 et
1661 2183 1831 2243 libris
1880 2184 2120 2260 quidem
2158 2185 2302 2261 eius,

254 2277 332 2332 ut
368 2273 796 2346 demonstravi,
834 2272 911 2330 ad
949 2272 1230 2348 edictum,
1268 2292 1341 2331 ex
1377 2272 1592 2348 quibus
1631 2276 1798 2331 extra
1839 2274 2087 2353 Digesta
2124 2277 2302 2333 antea

250 2365 502 2422 tantum
533 2361 715 2421 verba
743 2361 950 2436 aliqua
979 2361 1054 2419 ab
1085 2362 1220 2420 aliis
1260 2361 1650 2437 scriptoribus
1685 2364 1881 2422 relata
1916 2362 2300 2438 habebamuS,

251 2470 454 2512 novae
481 2451 727 2510 maioris
754 2452 1044 2510 momenti
1070 2469 1421 2526 quanquam
1446 2451 1696 2511 mutilae
1724 2453 2054 2511 sententiae
2085 2452 2302 2511 adden-

247 2542 368 2602 dae
408 2544 608 2615 erant,
646 2559 796 2615 quas
833 2539 1047 2598 folium
1092 2539 1397 2617 singulare
1444 2540 1826 2600 Berolinense
1873 2542 2299 2619 suppeditavit.

395 2630 630 2689 Deinde
685 2648 756 2688 ex
805 2630 1088 2688 inferiore
1138 2631 1339 2688 aetate
1385 2629 1723 2689 Iustiniano
1768 2632 1892 2689 iam
1941 2631 2139 2690 vicina
2183 2633 2303 2691 nisi

249 2720 410 2779 adeo
451 2738 675 2778 coaeva
710 2718 1061 2796 prodierunt
1095 2720 1312 2778 incerti
1350 2721 1612 2778 auctoris
1650 2720 2010 2779 scholiorum
2050 2719 2300 2780 Graeco-

244 2829 398 2870 rum
452 2810 519 2867 in
556 2808 809 2884 Ulpiani
856 2808 1043 2867 libros
1094 2807 1172 2866 ad
1211 2806 1505 2867 Sabinum
1556 2808 1867 2884 reliq'uiae,
1913 2828 2066 2885 quae
2123 2811 2300 2888 vulgo

244 2916 419 2958 nunc
459 2898 827 2975 Fragmenta
861 2898 1011 2955 iuris
1048 2896 1308 2956 Romani
1348 2897 1639 2956 Sinaitica
1676 2918 1745 2957 ex
1782 2900 2162 2974 monasterie,
2198 2899 2302 2959 ubi

244 2989 504 3063 reperta
542 2990 700 3061 sunt,
738 2986 1139 3062 appellantur,
1176 3005 1285 3045 nec
1323 3005 1395 3045 ea
1432 2988 1892 3062 contemnenda,
1929 2990 1991 3047 et
2026 3005 2133 3048 suo
2169 2990 2301 3049 loco

237 3076 594 3136 inserenda.

396 3165 566 3224 Haec
605 3167 806 3224 omnia
857 3167 1181 3241 augmenta
1221 3184 1291 3222 ex
1326 3184 1463 3223 mea
1499 3167 1865 3242 recensione,
1910 3169 2135 3243 partim
2170 3171 2302 3226 tan-

239 3259 390 3316 tum
430 3255 558 3312 iam
596 3256 774 3313 antea
809 3253 1038 3329 publici
1073 3255 1225 3314 iuris
1262 3255 1429 3314 facta
1463 3255 1817 3332 vulgantur,
1866 3259 1935 3314 ut
1972 3256 2155 3315 etiam
2190 3258 2303 3316 hac

242 3346 436 3422 parte
473 3345 683 3401 nostra
719 3342 905 3402 editio
943 3361 1099 3402 nova
1136 3343 1350 3402 lectori
1387 3344 1633 3417 offerat„

391 3432 468 3491 In
494 3433 654 3491 votis
684 3431 924 3508 quidem
952 3432 1278 3507 aliquando
1306 3436 1453 3507 erat,
1482 3434 1664 3492 etiam
1691 3433 1917 3493 librum
1942 3436 2090 3495 iuris
2121 3434 2301 3511 Syro·

240 3524 519 3583 Romani
555 3540 592 3579 a
631 3518 693 3580 O.
734 3519 800 3580 G.
839 3521 1096 3581 Brunsio
1144 3523 1304 3580 socio
1344 3525 1647 3598 assumpto
1687 3523 1922 3582 Sachau
1966 3525 2275 3601 publicato
2293 3571 2309 3598 ,

364 3631 583 3672 Ivmrn.
613 3640 774 3670 Anu-n.
803 3640 882 3669 n».
909 3630 1381 3671 Seckel-Kflbler.
1410 3631 1449 3669 1.
1947 3622 1983 3675 b
