2650 3917
340 150 474 215 440
672 150 771 204 AD
810 150 1108 204 VLPIANI
1143 148 1479 204 REGVLAS
1517 148 2076 204 PRAEMOMTVM.

340 315 642 379 actiones.
718 336 881 397 quae
917 317 1168 378 servata
1204 318 1358 378 sunt
1393 313 1464 378 in
1494 312 1652 379 Coll.
1691 318 1755 377 et
1781 313 1949 400 Dig„
1984 316 2391 398 respondent

341 402 500 469 Gaio
548 403 608 484 3,
628 403 787 487 2243
833 402 981 469 225.
1029 402 1091 484 4,
1109 401 1304 467 2-5.

472 492 810 557 Praeterea
852 492 1112 557 initium
1160 491 1231 556 in
1266 491 1488 556 codice
1524 490 1841 556 Vaticano
1879 491 2222 557 confusum
2261 498 2388 559 est.

339 603 503 665 quae
550 582 842 646 confusio
889 580 1210 665 quomodo
1268 584 1412 646 orta
1456 581 1558 665 sit,
1617 580 1980 646 Mommsen
2032 582 2384 648 intellexit.

338 671 433 735 sic
477 671 643 735 enim
693 692 866 735 nunc
912 691 980 734 se
1024 669 1218 734 habet
1262 670 1522 735 initium
1570 670 1807 736 codicis
1858 669 2184 736 Vaticani:

474 761 543 841 1)
587 760 776 843 incip.
824 758 1001 824 tituli
1047 780 1126 823 ex
1171 780 1439 843 corpore
1483 757 1767 843 Ulpiani.

469 847 541 935 2)
589 850 787 913 moris
835 887 918 895 —
973 849 1370 912 inueteratus
1419 846 1594 934 (Ulp.
1646 851 1702 932 1,
1721 846 1810 936 4).

470 938 511 1002 3
589 936 790 1002 Index
834 937 1235 1002 rubricarum
1250 935 1289 1001 ².

469 1030 513 1091 4
588 1045 629 1090 1.
678 1045 774 1091 DE
823 1043 1160 1090 LIBERTIS.
1234 1026 1614 1092 libertorum
1667 1064 1753 1072 —
1803 1026 2146 1091 confirmat
2189 1025 2378 1113 (Ulp.

469 1203 540 1291 5)
587 1114 891 1289 p'rohibgt
935 1241 1024 1251 —
1069 1205 1280 1288 prima
1323 1206 1468 1288 lege
1515 1202 1693 1291 (Ulp.
1746 1206 1801 1287 1,
1835 1201 2054 1291 1—3).

468 1292 541 1381 6)
586 1294 779 1359 hodie
826 1296 1040 1358 autem
1089 1297 1205 1357 etc.
1256 1292 1433 1378 (Ulp.
1487 1294 1542 1377 1,
1566 1294 1650 1358 10
1695 1294 1801 1357 fin.
1850 1291 2036 1379 sqq.).

334 1389 401 1447 at
447 1383 558 1467 qui
608 1382 978 1467 Epitomam
1026 1382 1156 1469 legi
1203 1381 1532 1447 Romanae
1570 1381 2063 1468 Visigothorum
2119 1383 2381 1468 adiecit,

331 1494 484 1556 prae
531 1494 598 1537 se
639 1472 869 1537 habuit
906 1471 1249 1556 Epitomae
1295 1472 1642 1555 exemplar,
1691 1473 1869 1536 cuius
1914 1472 2201 1556 primum
2228 1472 2379 1537 foli-

333 1585 444 1625 um
492 1583 526 1625 e
574 1566 787 1626 vetere
836 1582 1147 1647 compage
1206 1561 1491 1625 solutum
1547 1565 1612 1625 et
1658 1565 1840 1644 parte
1884 1561 2190 1625 inferiore
2239 1584 2381 1627 mu—

332 1649 558 1715 tilum²
603 1650 947 1715 exhibebat
989 1650 1171 1714 haec:

331 1848 440 1912 fol.
469 1761 1294 1930 19925225‘2320221010-
1349 1843 1353 1882 =
1404 1778 2166 1928 f01.19¹oa{g›bn3v.vgr—⁸-g
2215 1847 2377 1911 ‹mo-

420 1936 601 2000 hibet
667 1974 751 1982 —
816 1936 1045 2000 fertur'
1116 1933 1294 2021 (Ulp.
1325 1907 1354 2001 1
1493 1935 1583 1998 ris
1632 1939 1782 1999 sunt
1823 1972 1899 1981 —
1942 1936 2372 2001 inueteratus'

425 2026 482 2111 1,
509 2022 808 2111 1—310.)
856 2028 920 2088 et
1349 2007 1354 2096 1
1496 2020 1674 2108 (Ulp.
1728 2024 1783 2107 1,
1802 2021 1929 2109 4).,

330 2114 440 2180 fol.
495 2116 613 2178 191
641 2118 731 2198 οβ
785 2136 884 2177 vv.
932 2112 1102 2177 1—6
1162 2113 1297 2177 ‘aut
1350 2117 1353 2130 '
1403 2111 1514 2177 fol.
1558 2112 1677 2176 191
1723 2134 1803 2177 aa
1846 2135 1946 2177 vv.
1995 2112 2200 2177 9—22
2250 2115 2375 2179 ‘DE

421 2203 1091 2289 abrogatur—prima
1127 2203 1292 2289 lege'
1349 2205 1354 2254 9
1495 2218 1833 2266 LIBERTIS.
1876 2202 2262 2266 libertorum
2286 2240 2374 2250 —-

424 2291 600 2379 (mp.
643 2291 699 2376 1,
729 2290 816 2377 3).
1272 2378 1296 2417 3
1350 2265 1354 2366 9
1494 2289 2376 2419 confirmat’(u1p.1‚5-9)3

424 2431 2330 2459 .............................

330 2488 455 2555 1100
500 2490 731 2554 folium
769 2488 880 2572 qui
929 2487 1284 2571 descripsit,
1330 2486 1595 2551 invertit
1639 2508 2013 2570 versamque
2059 2488 2374 2573 paginam

329 2581 541 2642 rectae
613 2576 1007 2662 anteposuit,
1083 2575 1311 2640 deinde
1388 2597 1533 2640 cum
1607 2573 1891 2639 Indicem
1961 2576 2372 2643 rubricarum

332 2667 828 2752 composuisset,
889 2688 1037 2730 eum
1101 2664 1373 2729 inseruit
1430 2664 1574 2729 loco
1631 2687 1824 2747 supra
1875 2687 2048 2729 num.
2097 2665 2139 2729 3
2205 2666 2374 2731 indi-

331 2761 473 2821 cato
531 2760 680 2821 ante
732 2753 1025 2838 titulum,
1081 2776 1270 2838 quem
1327 2754 1659 2818 invenerat
1716 2754 1785 2818 in
1840 2755 2194 2839 exemplari
2250 2777 2371 2821 suo

329 2846 608 2930 primum
673 2863 767 2909 DE
835 2860 1175 2928 LIBER'rIs,
1235 2847 1300 2907 et
1347 2846 1497 2925 post
1559 2842 1674 2926 1‚4
1723 2842 2374 2910 ‘moris—inuetera-

477 3041 527 3107 1)
565 3036 660 3091 hic
695 3037 871 3091 Index
907 3037 1188 3092 consentit
1224 3036 1297 3091 ad
1335 3036 1587 3091 litteram
1624 3054 1752 3091 cum
1793 3036 2035 3092 rubricis
2080 3055 2114 3094 0
2155 3039 2372 3096 itomae

329 3113 388 3165 et
426 3109 768 3177 compositus
807 3112 893 3162 est
930 3126 964 3162 a
1001 3108 1235 3162 librario
1270 3108 1483 3162 codicis
1512 3108 1778 3163 Vaticani
1816 3109 1890 3162 ad
1927 3125 2123 3179 exemp
2149 3127 2229 3165 ar.
2269 3112 2373 3181 qui

330 3198 456 3303 (3111111
494 3179 705 3233 nullius
743 3179 1015 3235 momenti
1051 3179 1145 3248 sit,
1181 3196 1310 3234 eum
1348 3179 1514 3235 edere
1549 3179 1904 3234 Huschkium
1941 3182 2123 3236 secuti
2173 3199 2372 3253 super-

330 3268 390 3306 se
430 3268 593 3305 imus.

475 3326 528 3391 2)
565 3322 627 3376 id
655 3323 806 3391 quod
833 3321 1119 3377 intellexit
1156 3321 1437 3376 Huschke.
1516 3322 1828 3377 Mommsen
1873 3324 2184 3379 secundum
2229 3324 2368 3395 Epi-

329 3396 518 3447 tomae
574 3392 775 3447 folium
818 3393 880 3447 in
926 3393 1112 3447 fronte
1169 3393 1438 3447 detritum
1452 3435 1465 3459 ‚
1522 3394 1767 3464 primum
1821 3394 2023 3450 folium
2077 3395 2371 3466 integrum

328 3464 506 3518 fuisse
546 3468 861 3534 putaverat.

475 3539 527 3601 3)
564 3534 771 3589 lacuna
807 3536 866 3588 in
917 3537 970 3590 V
997 3551 1109 3588 non
1145 3535 1402 3590 indicata
1437 3539 1539 3590 est.
