2650 3917
407 146 494 209 80
1013 143 1069 199 C.
1109 143 1397 199 CASSIVS
1436 142 1822 199 LONGINVS.

402 330 536 373 non
592 308 977 392 possessoris
1033 307 1442 411 neglegentia
1498 306 1609 370 sed
1667 307 2072 391 tempestatis
2125 305 2431 370 uiolentia

405 397 742 482 abreptum
801 402 1092 483 apparet3
1159 399 1213 462 si
1267 418 1421 460 uero
1478 397 1755 462 insulam
1820 396 2093 479 fecisset,
2156 418 2195 459 a
2258 396 2431 460 cuius

405 508 561 573 agro
609 486 883 570 fecisset,
921 486 977 550 is
1022 486 1406 571 possideret3
1452 489 1518 548 at
1557 486 1614 549 si
1652 507 1731 549 ex
1777 485 2118 564 communi,
2168 484 2432 568 quisque

405 598 591 640 suum
657 539 987 659 recipe'ret.
1052 614 1137 622 —
1203 576 1441 658 Hyyin.
1490 575 1565 639 de
1613 596 1748 658 qen.
1804 581 2065 640 controv.
2112 576 2184 638 in
2243 595 2432 657 yrom.

352 671 512 730 avet.
560 666 650 729 ed.
700 665 1245 747 Lachm.p.124.
1310 666 1386 745 cf.
1434 664 1664 728 ibidem
1696 686 1766 746 p.
1810 663 1910 728 17.
1949 663 2099 728 399.

541 755 596 819 2.
647 752 744 818 Ob
792 755 949 819 haec
994 754 1433 819 consalutatus
1484 754 1836 835 imperator
1881 751 2084 818 Nero.
2143 756 2206 815 et
2265 774 2435 816 sena-
2523 826 2526 829 ¹

404 848 510 907 tus
548 842 842 908 consulto
883 842 1384 926 supplicationes
1420 841 1697 924 habitae,
1735 845 2112 925 statuaeque
2150 845 2213 904 et
2253 862 2433 905 arcus

407 936 470 995 et
518 933 808 997 continui
855 931 1227 996 consulatus
1273 930 1570 1015 principi,
1616 935 1814 1014 utque
1875 934 2044 995 inter
2096 930 2301 994 festos
2344 952 2435 994 re·

406 1022 682 1085 ferretur
728 1021 891 1106 dies,
948 1043 1075 1105 quo
1123 1024 1378 1104 patrata
1422 1019 1717 1102 uictoria,
1765 1041 1893 1103 quo
1938 1021 2264 1101 nuntiata,
2312 1041 2435 1103 quo

327 1135 378 1174 10
406 1109 680 1176 relatum
717 1110 797 1174 de
835 1132 909 1175 ea
954 1113 1137 1192 esset,
1185 1109 1437 1193 aliaque
1481 1111 1550 1173 in
1597 1108 1862 1172 eandem
1908 1109 2181 1173 formam
2233 1107 2438 1172 decer-

406 1203 650 1264 nuntur
696 1200 854 1278 adeo
902 1200 1163 1264 modum
1212 1220 1485 1284 egressa,
1530 1201 1604 1262 ut
1652 1196 1720 1262 C.
1768 1196 2022 1263 Cassius
2081 1198 2157 1261 de
2214 1198 2439 1262 ceteris

405 1288 761 1353 honoribus
825 1288 1157 1371 adsensuS,
1221 1291 1276 1352 si
1332 1309 1449 1371 pro
1515 1286 1914 1374 benignitate
1977 1287 2278 1351 fortunae
2341 1286 2438 1351 dis

407 1382 621 1463 grates
667 1382 1027 1463 agerentur,
1063 1399 1144 1441 ne
1181 1381 1395 1441 totum
1434 1375 1692 1460 quidem
1737 1398 1978 1440 annum
2024 1375 2439 1459 supplicatio-

406 1467 596 1532 nibus
644 1468 938 1532 sufficere
977 1467 1362 1549 disseruerit,
1409 1487 1612 1549 eoque
1650 1470 1946 1549 oportere
1985 1464 2188 1529 diuidi
2227 1486 2441 1529 sacros

327 1582 378 1623 15
408 1560 472 1620 et
518 1557 888 1642 negotiosos
928 1557 1080 1638 dies,
1129 1558 1271 1639 quis
1310 1555 1532 1619 diuina
1569 1553 1851 1619 colerent
1890 1558 1954 1618 et
1990 1554 2274 1619 humana
2307 1576 2441 1618 non

405 1646 807 1729 impedirent.
854 1684 942 1692 —
989 1647 1185 1710 Tacit.
1232 1645 1404 1709 Ama.
1457 1644 1557 1726 13,
1594 1644 1699 1708 41.

542 1735 596 1800 3.
643 1734 835 1799 Haud
878 1734 1085 1799 multo
1151 1733 1337 1817 post¹
1399 1732 1795 1817 praefectum
1857 1733 2037 1797 urbis
2083 1730 2442 1796 Pedanium

408 1823 771 1888 Secundum
821 1845 1040 1888 seruus
1079 1823 1283 1906 ipsius
1322 1823 1662 1906 interfecit,
1700 1843 1812 1887 seu
1847 1825 2081 1907 negata
2122 1821 2447 1905 libertate,

407 1917 510 1978 cui
554 1914 835 1996 pretium
882 1915 1232 1998 pepigerat,
1280 1912 1418 1976 siue
1455 1933 1673 1976 amore
1720 1911 1956 1976 exoleti
2001 1910 2338 1976 incensus²
2376 1915 2442 1975 et

323 2028 379 2068 so
407 2002 737 2067 dominum
785 2002 1107 2067 aemulum
1144 2023 1278 2066 non
1321 2000 1624 2065 tolerans.
1716 2004 1996 2065 ceterum
2035 2023 2180 2065 cum
2224 2004 2443 2065 uetere

408 2114 485 2156 ex
531 2113 711 2156 more
746 2091 1058 2156 familiam
1089 2111 1362 2172 omnem,
1393 2111 1554 2174 quae
1584 2090 1702 2154 sub
1751 2089 1973 2154 eodem
2001 2093 2175 2153 tecto
2205 2091 2445 2153 mansi-

406 2185 685 2262 tauerat,
732 2179 812 2244 ad
859 2180 1244 2264 supplicium
1292 2181 1400 2264 agi
1447 2183 1796 2263 oporteret,
1844 2200 2159 2244 concursu
2212 2177 2444 2262 plebiS,

408 2292 569 2353 quae
606 2274 707 2334 tot
753 2272 1050 2335 innoxios
1097 2268 1496 2354 protegebat,
1524 2289 1728 2351 usque
1757 2266 1838 2331 ad
1875 2266 2257 2332 seditionem
2288 2288 2443 2332 uen-

406 2364 545 2424 tum
592 2363 688 2423 est
735 2363 1087 2444 senatuque
1133 2357 1197 2421 in
1213 2355 1238 2394 ‘⁹'
1283 2360 1425 2441 ipso
1473 2361 1655 2422 erant
1702 2357 1914 2422 studia
1958 2356 2227 2422 nimiam
2268 2378 2447 2422 seue·

322 2475 378 2515 25
407 2451 662 2514 ritatem
718 2450 1218 2532 aspernantium,
1272 2445 1567 2530 pluribus
1621 2446 1789 2510 nihil
1834 2444 2256 2510 mutandum4
2299 2468 2445 2511 cen-

409 2538 713 2603 sentibus.
807 2559 885 2602 ex
940 2539 1084 2620 quis
1143 2534 1210 2599 C.
1241 2534 1499 2601 Cassius
1555 2538 1909 2600 sententiae
1961 2535 2104 2599 loco
2152 2537 2223 2600 in
2271 2536 2446 2600 hunc

406 2627 669 2691 modum
715 2626 1043 2692 disseruit:

540 2715 769 2800 ‘Saepe
830 2736 1100 2780 numero
1110 2766 1126 2798 ,
1193 2719 1409 2797 patres
1475 2716 1852 2798 conscripti,
1917 2714 1985 2777 in
2040 2712 2166 2777 hoc
2214 2713 2445 2778 ordine

406 2805 687 2886 interfui,
734 2827 876 2870 cum
925 2809 1147 2869 contra
1200 2804 1502 2868 instituta
1561 2807 1626 2867 et
1677 2804 1853 2888 leges
1901 2805 2217 2867 maiorum
2265 2824 2446 2868 noua

322 2920 379 2959 so
408 2898 664 2959 senatus
712 2894 965 2958 decreta
1017 2892 1524 2978 postularentur3
1580 2913 1791 2975 neque
1847 2914 1989 2956 sum
2044 2890 2449 2975 aduersatus,

405 3005 539 3047 non
611 2986 760 3067 quia
821 2984 1179 3047 dubitarem
1246 3004 1439 3065 super
1502 2981 1799 3046 omnibus
1863 2980 2143 3066 negotiis
2208 2980 2450 3046 melius

407 3076 599 3155 atque
659 3073 897 3137 rectius
954 3070 1108 3136 olim
1176 3074 1506 3155 prouisum
1564 3075 1627 3134 et
1684 3092 1847 3153 quae
1910 3073 2452 3134 conuerterentur

405 3321 621 3374 videtur
658 3319 761 3373 Sic.
810 3319 899 3373 Fl.
929 3337 988 3388 p.
1024 3324 1143 3386 151,
1174 3321 1355 3371 2—5'.
1414 3319 1531 3371 Hu.
1597 3318 1666 3384 cf.
1708 3318 1937 3373 Pernice
1992 3318 2180 3372 Labeo
2235 3317 2278 3384 Ι,
2316 3323 2452 3371 276.

410 3391 462 3458 1)
498 3408 549 3444 a.
592 3396 656 3443 61
710 3407 767 3458 p.
810 3391 930 3445 Chr.
1115 3392 1167 3459 2)
1205 3390 1465 3443 incensus
1503 3390 1762 3444 Piche‘na.
1814 3388 2067 3443 infensus
2105 3389 2222 3443 cod.

408 3463 461 3531 3)
499 3463 810 3528 senatuque
856 3461 917 3514 in
953 3461 1198 3530 Lipsius.
1267 3463 1607 3528 senatusque
1653 3460 1714 3513 in
1764 3477 1874 3529 quo
1925 3460 2037 3515 cod.
2098 3463 2457 3530 senatusque

404 3535 640 3587 uocatus
676 3533 737 3586 in
782 3550 893 3600 quo
949 3534 1217 3588 Heraea-3.
1363 3535 1416 3600 4)
1454 3531 1810 3586 multandum
1845 3533 1959 3587 cod.
