2650 3917
246 1870 312 1920 41

352 174 481 238 180
953 173 1082 227 GAI
1116 173 1373 227 INSTIT.
1412 174 1437 226 1
1476 178 1773 227 143—146.

347 362 543 404 manu
587 360 793 422 neque
842 338 905 401 in
955 337 1275 423 mancipio
1324 341 1503 421 sunt,
1551 337 1865 421 quaedam
1910 338 2020 401 uel
2064 337 2132 401 in
2175 337 2382 402 tutela

348 432 499 492 sunt
542 427 650 492 uel
697 430 765 491 in
810 429 1164 505 curatione,
1214 426 1527 511 quaedam
1582 430 1811 491 neutro
1867 426 2006 491 iure
2061 430 2381 492 tenentur.

347 517 678 582 uideamus
726 518 944 604 igitur,
994 538 1158 600 quae
1186 517 1253 580 in
1291 514 1515 599 tutela,
1551 538 1713 600 quae
1751 518 1818 580 in
1856 517 2184 580 curatione
2223 516 2381 581 sint:

350 607 442 671 ita
488 608 658 671 enim
714 606 1163 692 intellegemus
1227 604 1506 670 ceteras1
1551 626 1881 689 personas,
1942 626 2105 689 quae
2151 611 2381 670 neutro

348 697 486 761 iure
532 699 847 762 tenentur.
940 696 1067 760 143.
1115 695 1213 759 Ac
1256 694 1438 780 prius
1485 694 1895 778 dispiciamus
1932 694 2008 759 de
2050 694 2171 779 his,
2218 716 2382 779 quae

349 787 416 849 in
463 785 670 849 tutela
717 789 885 851 sunt.

481 875 612 939 144.
660 873 1051 939 Permissum
1098 878 1195 937 est
1240 875 1459 956 itaque
1505 872 1878 956 parentibus
1923 872 2174 956 liberis,
2221 894 2383 958 quos

350 964 419 1027 in
446 967 769 1049 potestate
799 986 913 1027 sua
939 962 1202 1046 habent,
1231 967 1614 1046 'testamento
1652 965 1892 1040 tutores
1922 962 2099 1027 dare:
2138 983 2383 1025 mascu-

347 1054 468 1117 lini
515 1053 773 1137 quidem
813 1073 1002 1116 sexus
1049 1051 1491 1136 inpuberibuS,
1530 1053 1834 1133 feminini
1871 1073 2017 1117 uero
2065 1051 2381 1132 inpuberi-

349 1143 464 1207 bus
494 1142 979 1226 puberibusque,
1022 1140 1160 1206 uel²
1208 1163 1355 1205 cum
1399 1144 1642 1225 nuptae
1680 1142 1827 1205 sint.
1917 1145 2165 1205 ueteres
2212 1140 2384 1204 enim

348 1232 695 1296 uoluerunt
721 1232 1012 1315 feminaS,
1037 1231 1290 1295 etiamsi
1320 1232 1642 1315 perfectae
1675 1230 1903 1294 aetatis
1932 1231 2080 1314 sint,
2116 1233 2386 1314 propter

347 1321 550 1385 animi
611 1323 941 1385 leuitatem
1008 1320 1076 1383 in
1138 1320 1342 1384 tutela
1407 1341 1563 1383 esse.
1653 1319 1782 1384 145.
1828 1318 2054 1403 Itaque
2118 1319 2174 1382 si
2239 1318 2385 1403 quis

350 1411 487 1475 filio
534 1411 833 1494 filiaeque
877 1413 1263 1474 testamento
1311 1413 1593 1473 tutorem
1642 1408 1910 1490 dederit,
1958 1413 2021 1473 et
2066 1407 2260 1473 ambo
2307 1408 2389 1471 ad

348 1501 755 1585 pubertatem
815 1499 1249 1583 peruenerint,
1304 1498 1478 1563 filius
1535 1499 1794 1581 quidem
1851 1498 2085 1562 desinit
2149 1497 2385 1562 habere

350 1593 658 1672 tutorem,
722 1589 857 1652 filia
911 1609 1066 1652 uero
1121 1588 1327 1651 nihilo
1387 1587 1598 1651 minus
1646 1589 1715 1651 in
1760 1589 1964 1651 tutela
2026 1591 2385 1670 permanet:

349 1683 602 1743 tantum
650 1679 815 1742 enim
859 1699 936 1741 ex
976 1679 1120 1764 lege
1147 1674 1314 1739 Iulia
1353 1681 1416 1740 et
1452 1674 1654 1762 Papia
1689 1673 2028 1761 Poppaea³
2063 1677 2200 1741 iure
2227 1676 2387 1739 libe-

350 1789 568 1832 rorum
615 1790 652 1830 a
697 1766 901 1831 tutela
952 1766 1307 1830 liberantur
1362 1765 1652 1830 feminae.
1744 1766 2072 1849 loquimur
2124 1769 2341 1829 autem

354 1856 639 1941 exceptis
685 1856 1046 1941 uirginibus
1094 1854 1491 1937 Vestalibus,
1550 1877 1708 1939 quas
1765 1855 1958 1918 etiam
2013 1857 2261 1919 ueteres
2318 1855 2387 1918 in

353 1944 705 2010 honorem⁴=
741 1944 1084 2011 sacerdotii
1110 1943 1345 2008 liberas
1376 1965 1512 2008 esse
1546 1945 1916 2009 uoluerunt:
1944 1943 2164 2028 itaque
2193 1944 2386 2007 etiam

353 2035 496 2122 lege
533 2053 634 2098 ΧΠ
679 2034 1045 2098 tabularum
1087 2037 1347 2098 cautum
1378 2038 1491 2097 est.
1584 2033 1712 2098 146.
1759 2032 1824 2097 N
1826 2032 2123 2117 epotibus
2171 2038 2386 2096 autem

351 2123 782 2209 neptibusque
832 2125 926 2188 ita
971 2123 1226 2187 demum
1271 2144 1619 2206 possumus
1667 2119 2089 2187 testamento⁵
2135 2125 2386 2186 tutores

354 2213 524 2296 dare,
571 2214 625 2277 si
661 2216 810 2297 post
855 2217 1128 2277 mortem
1174 2216 1464 2277 nostram
1500 2212 1567 2275 in
1614 2212 1817 2296 patris
1855 2212 1956 2275 sui
1999 2214 2385 2296 potestatem

352 2301 528 2367 iure⁶
572 2303 854 2368 recasuri
908 2325 1040 2367 non
1095 2302 1240 2365 sint.
1333 2302 1551 2384 itaque
1598 2301 1652 2365 si
1698 2300 1869 2364 filius
1931 2322 2111 2363 meus
2160 2301 2386 2364 mortis

498 2445 549 2512 1)
587 2442 982 2512 intellegemus
1030 2447 1242 2495 ceteras
1280 2441 1421 2495 Inst.
1461 2443 1599 2495 Iust.
1665 2440 2047 2510 intellegimus
2111 2438 2182 2493 de
2241 2442 2387 2494 cete-

351 2515 429 2567 ris
472 2513 539 2568 V.
612 2513 1006 2583 intellegemus
1064 2512 1270 2566 deinde
1325 2514 1540 2565 ceteras
1597 2513 1891 2567 Pelenawr.
2135 2514 2189 2580 2)
2227 2510 2385 2565 femi-

352 2585 640 2639 nini—uel
677 2588 857 2654 suppl.
901 2585 1016 2638 Hu.
1199 2586 1252 2653 3)
1291 2584 1503 2652 Popeia
1541 2583 1608 2637 V.
1792 2586 1847 2651 4)
1883 2583 2121 2637 honores
2158 2581 2226 2635 V.

353 2661 407 2727 ὃ)
445 2659 618 2712 testes
655 2656 722 2711 V.
871 2659 923 2727 6)
961 2673 1062 2709 om.
1102 2656 1240 2719 Inst.
1270 2656 1442 2721 Iust.;
1480 2655 1582 2709 del.
1623 2656 1760 2721 ΗΜ,
1799 2656 2065 2725 Krueqer.

497 2860 527 2919 g
570 2859 688 2908 144.
755 2856 823 2922 cf.
864 2855 1021 2920 infra
1061 2857 1259 2918 1,190.
1340 2851 1455 2904 Gai
1488 2852 1614 2920 epit.
1648 2857 1695 2917 1,
1727 2855 1776 2917 τ,
1807 2855 1855 2903 2.
1931 2850 2054 2918 Uzp.
2097 2855 2181 2916 11,
2216 2853 2388 2916 1315.

353 2925 456 2980 Fr.
506 2926 628 2981 Vat.
677 2930 780 2979 229
837 2925 1023 2994 (Paul.
1062 2925 1240 2991 2057).
1316 2924 1393 2976 1).
1433 2927 1772 2990 26,2,1pr.
1830 2921 1983 2989 (Gai.
2023 2923 2164 2991 263).
2224 2927 2309 2985 26,
2339 2927 2391 2989 2,

354 3002 500 3065 20,1
560 2999 748 3067 (Paul.
788 2999 930 3067 557).
1005 2997 1055 3050 Ι.
1097 3002 1144 3062 1,
1176 2999 1260 3060 13,
1291 3000 1340 3048 3.
1413 2995 1571 3060 infra
1601 2997 1799 3061 1,190.
1831 2998 1881 3060 2,
1911 2998 2042 3058 2403
2081 2996 2202 3045 289.
2264 2992 2391 3046 Liv.

356 3075 440 3136 34,
472 3075 521 3123 2.
598 3070 706 3124 Cic.
762 3085 873 3137 Ρνο
934 3068 1091 3122 Mur.
1132 3071 1216 3133 12,
1247 3070 1331 3118 27.
1409 3064 1596 3119 Boeth.
1637 3066 1671 3119 l.
1711 3070 1742 3118 2
1781 3064 1857 3118 ad
1904 3063 2015 3120 oie.
2070 3065 2201 3133 ΤοΡ.
2241 3069 2291 3131 4,
2324 3068 2392 3118 18

355 3142 438 3210 (Ρ.
468 3142 696 3209 30213.)
764 3141 798 3194 l.
836 3145 871 3193 4
908 3139 985 3193 ad
1021 3144 1128 3207 top.
1173 3141 1255 3203 11,
1284 3141 1353 3189 46
1393 3138 1475 3204 (Ρ.
1506 3140 1607 3189 341
1622 3136 1733 3206 Β.).
1799 3136 1937 3190 leid.
1976 3138 2111 3205 oriy.
2142 3142 2193 3203 9,
2226 3140 2274 3202 7,
2305 3140 2392 3189 30.

358 3213 415 3268 0.
445 3213 496 3265 Ι.
525 3212 594 3266 L.
624 3211 703 3265 VI
742 3215 912 3264 10231
954 3210 1172 3280 (ans
1206 3207 1275 3274 1⁶,
1315 3210 1457 3276 296).

499 3288 530 3350 ς
572 3288 690 3338 145.
748 3285 816 3350 cf.
846 3283 1004 3349 infra
1034 3285 1234 3347 1,194.
1276 3285 1326 3343 3,
1355 3284 1441 3332 44.
1509 3279 1633 3347 Ulp.
1667 3283 1750 3343 11,
1784 3282 1992 3344 14315.
2036 3279 2187 3332 Plut.
2217 3279 2395 3333 Num.

358 3360 425 3410 10
455 3357 674 3423 (Brwns
699 3353 768 3420 1⁶,
790 3356 862 3424 9).
919 3354 1038 3408 Dio
1068 3357 1153 3419 56,
1185 3356 1269 3418 10,
1298 3356 1358 3415 2;
1389 3357 1438 3404 3.
1496 3350 1621 3419 lege
1654 3348 1823 3421 Iulia]
1861 3367 1913 3403 a.
1946 3354 2048 3402 736
2070 3367 2127 3403 u.
2147 3376 2217 3396 =
2249 3355 2316 3404 18
2337 3367 2394 3404 a.

361 3428 484 3483 Chr.
541 3426 722 3495 Papia
759 3424 1049 3496 Poppaea]
1088 3441 1140 3478 a.
1180 3429 1211 3476 9
1240 3440 1302 3491 Ρ.
1338 3423 1462 3477 Chr.

500 3503 531 3564 ς
574 3504 692 3551 146.
743 3523 810 3542 =
841 3497 890 3550 Ι.
929 3502 1095 3564 1,13,
1128 3501 1176 3549 3.
1233 3496 1303 3561 cf.
1356 3493 1472 3548 Gai
1514 3493 1641 3562 epit.
1692 3497 1740 3559 1,
1770 3496 1818 3558 τ,
1850 3497 1898 3545 2.
1966 3494 2043 3548 D.
2081 3497 2168 3560 26,
2200 3498 2250 3560 2,
2282 3499 2330 3560 1,
2361 3501 2396 3547 2

360 3569 511 3640 (Gai.
551 3572 694 3639 263).
749 3585 925 3637 supra
963 3574 1013 3635 1,
1045 3573 1165 3622 127.
