2650 3917
371 144 455 207 70
1024 141 1085 197 G.
1124 141 1386 196 ATEIVS
1425 140 1702 196 CAPITO.

366 307 603 372 iudicio
658 327 806 370 reus
821 304 844 342 ¹
898 308 1184 369 uocatur.
1287 305 1571 388 itemque
1625 308 1958 368 aecusator
2010 301 2194 367 reus²
2249 303 2404 367 diei-

366 393 508 460 tur⁸
554 416 730 460 more
794 398 1009 458 uetere
1066 398 1131 458 et
1194 394 1656 458 consuetudine
1720 393 2028 475 antiqua'.
2085 429 2175 438 —
2229 393 2398 458 Fest.

366 507 421 550 v.
466 504 609 551 reus
640 505 710 566 p.
749 483 832 547 27
840 483 899 548 3.
2400 506 2405 510 ·

501 573 595 639 26.
644 571 1024 659 (Nefrendes
1065 571 1175 658 sc.)
1223 570 1453 636 Ateius
1503 569 1726 654 Capito
1771 573 2049 652 infantes
2083 591 2211 636 esse
2244 593 2405 637 non·

317 688 341 728 5
371 664 522 729 dum
563 661 951 744 frendenteS,
979 660 1047 726 id
1078 666 1177 726 est
1217 659 1623 744 frameam-‚4
1667 697 1756 706 —-
1800 660 1966 726 Fest.
1993 682 2047 726 v.
2076 661 2404 738 nefrendes

358 774 411 835 p
501 841 597 906 27.
646 839 1021 904 Scaeuolam
1051 861 1308 922 quoque
1349 842 1412 904 et
1440 838 1510 902 L.
1539 838 1795 904 Aelium
1827 843 1891 903 et
1918 836 2181 901 Ateium
2214 835 2403 921 Capi-

366 934 585 995 tonem
630 931 699 993 in
746 928 966 992 eadem
1013 929 1331 993 sententia
1379 925 1485 1014 (sc.
1523 927 1600 993 de
1635 929 1790 992 uino
1837 923 2154 1012 murrina)
2202 926 2407 992 fuisse

367 1019 576 1102 uide0‚
625 1018 930 1102 quoniam
976 1018 1047 1082 in
1089 1016 1410 1082 Pseudolo
1460 1015 1541 1103 (v.
1584 1015 1741 1103 740)
1789 1019 1900 1081 sit:

292 1151 342 1191 ιο
514 1139 677 1204 Quod
714 1138 762 1192 si
790 1156 932 1208 opus
961 1141 1063 1205 est,
1090 1141 1157 1192 ut
1193 1137 1358 1192 dulce
1393 1141 1617 1207 promat
1652 1138 1922 1204 indidem,
1951 1138 2155 1206 ecquid
2191 1136 2407 1192 habet?

1659 1208 1871 1264 CHAR.
1928 1209 2154 1279 Rogas?

509 1282 832 1346 Mun-inam,
872 1298 1118 1350 passum,
1156 1281 1460 1349 defrutum,
1499 1280 1670 1335 mella.
1702 1324 1713 1334 .
1746 1323 1758 1334 .
1791 1323 1803 1335 .
1836 1324 1848 1336 .

368 1391 602 1475 quibus
665 1395 931 1475 apparet
995 1412 1126 1454 non
1180 1391 1352 1454 inter
1404 1391 1557 1454 uina
1601 1389 1792 1455 modo
1858 1390 2242 1471 murrinam,
2291 1389 2404 1453 sed

368 1482 535 1544 inter
583 1479 794 1544 dulcia
840 1500 1096 1563 quoque
1141 1481 1559 1563 nominatum.
1598 1517 1688 1527 —
1724 1479 1900 1544 Ptin.
1935 1501 1998 1543 n.
2025 1480 2083 1544 h.
2126 1479 2230 1560 14,
2269 1475 2407 1543 935⁵

289 1595 341 1637 15
505 1567 599 1634 28.
651 1567 1040 1651 Certumque
1100 1569 1175 1632 fit
1231 1566 1338 1654 (sc.
1395 1569 1670 1653 pistores
1717 1568 1962 1634 Romae
2017 1590 2148 1632 non
2200 1567 2407 1632 fuisse

367 1659 448 1722 ad
494 1657 820 1722 Persicum
865 1679 1069 1741 usque
1114 1656 1358 1722 bellum
1404 1658 1705 1742 ipsosque
1754 1656 2054 1742 Quirites,
2100 1657 2404 1721 mulieres

367 1751 552 1831 puta,
599 1768 833 1831 panem
890 1743 1147 1832 fecisse)
1214 1745 1366 1811 Atei
1434 1745 1766 1831 Capitonis
1831 1747 2150 1811 sententia
2214 1767 2405 1811 cocos

366 1842 507 1901 tum
580 1858 812 1920 panem
884 1834 1272 1900 lautioribus
1341 1857 1614 1920 coquere
1698 1835 1925 1901 solitos
1999 1837 2404 1920 pistoresque

368 1930 621 1989 tantum
670 1947 800 2008 eoa,
837 1926 949 2008 qui
987 1925 1086 1988 far
1131 1925 1450 2008 pisebant,
1496 1925 1880 1990 nominatos,
1918 1963 2006 1972 —
2043 1925 2217 1990 Plin.
2251 1946 2315 1989 n.
2343 1926 2405 1990 h.

301 2040 354 2081 20
390 2014 490 2097 18,
532 2014 676 2079 108.

503 2102 597 2168 29.
666 2104 758 2166 Τὰ
836 2104 962 2187 γὰρ
1046 2101 1332 2185 ἐπίσημα
1440 2103 1615 2169 Nam
1701 2105 1984 2185 insiynia
2065 2104 2408 2185 mayisbra-

369 2204 505 2257 τῶν
569 2191 913 2276 ἀρχόντων
968 2191 1095 2256 ἀπὸ
1158 2193 1331 2256 Θού-
1439 2199 1612 2257 twwm
1665 2192 1884 2257 Numa
1928 2213 2038 2257 rea:
2092 2213 2134 2257 a
2182 2193 2411 2258 Tuscis

370 2299 549 2346 σκων
620 2281 846 2362 λαβὼν
911 2280 946 2346 ὁ
1021 2283 1333 2364 βασιλεὺς
1438 2287 1689 2364 sumpta
1716 2283 1788 2345 in
1808 2278 2279 2364 rempublicam
2303 2284 2411 2346 in-

323 2438 329 2443 ,
368 2375 650 2454 Νουμᾶς
700 2379 778 2455 τῇ
843 2373 1143 2455 πολιτείᾳ
1200 2372 1332 2435 εἰσ·
1439 2372 1731 2450 ὑνοάαωίΐ,
1776 2372 1963 2436 sicuti
1989 2376 2045 2435 et
2080 2391 2268 2435 wrma
2303 2374 2410 2436 in-

290 2485 342 2525 25
370 2461 653 2543 ἤγαγεν,
719 2461 939 2544 ὥσπερ
1013 2458 1122 2523 καὶ
1194 2471 1332 2523 τῶν
1438 2460 1823 2542 superabilia
1841 2481 1883 2525 a
1907 2459 2134 2525 Gallis.
2173 2465 2411 2525 testan-

371 2548 598 2613 ὅπλων
651 2550 726 2613 τὸ
793 2549 1137 2632 δύσμαχον
1200 2547 1329 2613 ἀπὸ
1439 2556 1543 2615 tur
1572 2550 1722 2614 haee
1750 2547 1974 2630 Capito
2000 2555 2058 2614 et
2082 2548 2410 2615 Fonteius.

373 2640 706 2702 Γαλατῶν.
822 2638 931 2702 καὶ
1003 2635 1332 2722 μάρτυρες

370 2722 494 2810 μὲν
534 2726 792 2791 τούτων
829 2726 865 2791 ὅ
901 2750 971 2791 τε
1017 2729 1332 2791 Καπίτων

374 2813 484 2880 καὶ
536 2819 882 2899 Φοντήϊος.
918 2852 1007 2861 -
1040 2816 1131 2880 Ιο.
1170 2816 1329 2899 Lyd.

288 2927 343 2968 ³0
372 2905 447 2969 de
491 2906 770 2986 mayisbr.
816 2904 1021 2969 exord.
1056 2925 1125 2986 p.
1161 2905 1215 2988 1,
1249 2905 1331 2968 13

370 2994 460 3058 ed.
505 2993 824 3059 Wuensch.
855 3024 940 3045 =
970 2994 1047 3058 de
1080 2994 1332 3060 mensal).

378 3083 433 3164 1,
464 3082 546 3146 37
585 3104 653 3164 p.
689 3082 790 3165 16,
818 3082 903 3146 27
952 3083 1042 3147 ed.
1095 3083 1191 3148 W.

516 3241 567 3308 1)
604 3255 732 3292 reus
772 3239 1137 3310 Auqmtinm.
1176 3255 1265 3294 me
1285 3240 1400 3295 cod.
1548 3243 1599 3309 2)
1638 3255 1767 3294 reus
1797 3241 1916 3295 Hu.
1957 3240 2027 3294 de
2054 3239 2117 3293 ui
2142 3241 2259 3296 cod.

372 3311 428 3378 3)
458 3310 666 3364 dicitur
695 3312 1015 3366 Mommsen.
1063 3311 1278 3365 accitur
1313 3312 1428 3366 cod.
1485 3313 1553 3379 cf.
1590 3313 1896 3367 Mommsen
1921 3314 1985 3366 in
2013 3313 2211 3367 Bruma
2237 3313 2418 3371 Font.

370 3380 464 3449 11⁶,
504 3385 570 3434 33
608 3399 664 3436 n.
698 3387 779 3435 18.
900 3385 982 3455 ,4)
1019 3383 1089 3450 cf.
1126 3400 1300 3451 supra
1351 3383 1411 3454 Q.
1453 3383 1685 3438 Mucius
1720 3382 1980 3438 Scaevola
2020 3389 2084 3437 16
2118 3400 2181 3453 p.
2211 3388 2301 3438 21.

371 3454 425 3521 5)
468 3453 594 3507 Atei
623 3453 924 3523 Capitoni-⁴5,
962 3470 1076 3509 non
1103 3455 1383 3525 Philoloyi
1416 3471 1524 3509 esse
1560 3456 1789 3510 videtwr.
1843 3456 1910 3522 cf.
1943 3456 2018 3509 D.
2051 3458 2136 3521 33,
2157 3460 2210 3523 6,
2232 3460 2264 3510 9
2285 3474 2426 3527 μη

374 3528 458 3588 16,
490 3530 536 3578 1.
600 3541 775 3594 supra
817 3525 878 3596 Q.
920 3525 1152 3580 Mucius
1189 3525 1449 3581 Scaevola
1489 3531 1555 3579 18
1584 3543 1646 3596 p.
1678 3532 1764 3580 21.
