2650 3917
395 124 525 219 232
990 154 1115 210 GAI
1148 154 1403 209 INSTIT.
1440 156 1493 209 Π
1529 159 1827 209 156—159.

397 319 691 404 quamuis
728 340 845 402 pro
892 317 1227 403 portione¹
1262 318 1436 383 bona
1478 316 1817 401 uenierint,
1861 318 2096 382 iterum
2135 338 2212 380 ex
2251 315 2423 380 here-

394 408 627 472 ditaria
673 430 862 472 causa
910 409 1079 473 bona
1135 410 1273 473 eius
1318 429 1452 473 non
1507 409 1795 491 uenient,
1850 407 1975 470 nisi
2038 408 2094 471 si
2150 406 2309 488 quid
2367 406 2421 469 ei

289 512 358 560 94
396 519 474 561 ex
519 497 906 561 hereditaria
944 520 1133 564 causa
1177 499 1375 561 fuerit
1421 497 1831 581 adquisitum,
1873 501 1880 576 Ι
1920 496 2102 559 uelut
2139 496 2192 558 si
2232 515 2310 559 ex
2345 516 2422 573 σο,

392 588 556 669 quod
566 584 591 623 ²
633 586 903 652 Latinus
950 587 1354 672 adquisierit,
1413 586 1795 670 locupletior
1852 585 2061 649 factus
2109 586 2221 668 sit3
2279 606 2422 650 cum

394 681 751 740 ceterorum
795 675 1151 759 hominum,
1199 697 1474 760 quorum
1520 676 1691 739 bona
1747 675 2069 739 uenierint
2114 695 2233 757 pro
2283 695 2423 757 por-

392 766 594 848 tione,
640 767 697 829 si
744 765 899 848 quid
945 771 1170 849 postea
1225 765 1593 848 adquirant,
1649 765 1843 829 etiam
1891 763 2144 846 saepius
2201 784 2423 827 eorum

389 854 560 919 bona
617 851 877 918 uenire³
923 853 1226 919 soleant*
1314 853 1439 919 156.
1490 851 1606 918 Sui
1660 857 1875 917 autem
1932 849 2031 917 et⁵
2066 853 2425 916 ¹necessarii

389 944 653 1008 heredes
692 948 842 1009 sunt
887 943 1070 1008 uelut
1103 943 1276 1007 filius
1323 942 1557 1026 filiaue,
1601 964 1804 1026 nepos
1841 943 2136 1025 neptisue
2172 964 2252 1006 ex
2290 941 2424 1006 filio

390 1040 447 1099 et
509 1032 807 1117 deinceps
875 1033 1085 1117 ceteri,
1149 1034 1262 1116 qui
1319 1033 1512 1096 modo
1576 1033 1645 1096 in
1707 1035 2027 1115 potestate
2090 1031 2424 1095 morientis

388 1124 679 1187 fuerunt:
736 1123 847 1186 sed
892 1124 991 1187 uti
1035 1144 1236 1206 nepos
1299 1122 1598 1205 neptisue
1661 1143 1811 1186 suus
1877 1120 2059 1185 heres
2117 1120 2229 1203 sit,
2294 1141 2424 1184 non

392 1212 634 1276 sufficit
697 1233 844 1276 eum
908 1211 975 1275 in
1032 1214 1354 1296 potestate
1401 1211 1505 1274 aui
1568 1213 1799 1275 mortis
1861 1215 2150 1294 tempore
2207 1208 2427 1292 fuisse,

393 1301 502 1366 sed
549 1322 711 1383 opus
759 1304 873 1380 est,
919 1304 994 1364 ut
1037 1304 1221 1385 pater
1268 1321 1525 1384 quoque
1565 1300 1699 1365 eius
1747 1302 1900 1365 uiuo
1944 1303 2127 1383 patre
2166 1320 2285 1364 suo
2327 1300 2428 1362 de-

392 1391 573 1454 sierit
619 1412 771 1454 suus
820 1389 1003 1454 heres
1050 1411 1185 1454 esse
1233 1393 1347 1453 aut
1392 1393 1600 1453 morte
1657 1390 2051 1472 interceptus
2106 1397 2220 1452 aut
2276 1410 2426 1471 qua-

389 1479 550 1543 libet
622 1479 870 1543 ratione
953 1479 1264 1544 liberatus
1339 1482 1686 1563 potestate3
1767 1483 1908 1542 tum
1981 1478 2150 1542 enim
2224 1499 2427 1561 nepos

390 1570 685 1651 neptisue
733 1569 799 1632 in
855 1568 1069 1632 locum
1118 1569 1218 1633 sui
1265 1566 1467 1651 patris
1524 1567 1889 1633 succedunt.
1980 1567 2104 1631 157.
2154 1564 2280 1630 Sed
2329 1566 2428 1630 sui

393 1658 649 1741 quidem
694 1657 961 1722 heredes
1009 1657 1150 1721 ideo
1199 1657 1624 1741 appellantur,
1673 1657 1823 1741 quia
1869 1656 2203 1721 domestici
2250 1656 2427 1720 here-

391 1747 501 1811 des
540 1750 691 1812 sunt
719 1750 785 1811 et
819 1748 974 1811 uiuo
1015 1768 1272 1830 quoque
1300 1749 1564 1830 parente
1603 1748 1878 1829 quodam
1922 1743 2151 1809 modo⁶
2180 1744 2429 1809 domini

391 1837 866 1913 existimantur;
925 1836 1092 1899 unde
1160 1836 1355 1900 etiam
1417 1837 1473 1900 si
1528 1836 1672 1919 quis
1729 1836 2072 1899 intestatus
2127 1838 2429 1899 mortuus

391 1926 491 2009 sit,
540 1924 749 2009 prima
796 1946 985 1990 causa
1032 1928 1129 1988 est
1174 1926 1242 1988 in
1298 1925 1703 1990 successione
1758 1925 2123 1989 liberorum.
2214 1945 2432 1988 neces-

391 2016 542 2080 sarii
586 2036 742 2079 uero
790 2014 934 2079 ideo
983 2014 1307 2091 dicuntur,
1358 2014 1509 2097 quia
1555 2014 1732 2078 omni
1778 2015 1998 2097 modo,
2042 2015 2177 2079 siue
2221 2013 2433 2077 uelint

388 2106 527 2169 siue
591 2104 819 2187 nolint,
882 2108 1013 2167 tam
1078 2103 1158 2166 ab
1225 2103 1534 2168 intestato
1602 2126 1794 2187 quam
1861 2125 1936 2166 ex
2001 2106 2393 2167 testamento
2408 2099 2431 2138 ⁷

388 2192 654 2257 heredes
691 2193 873 2257 fiunt.
965 2193 1090 2258 158.
1140 2190 1266 2256 Sed
1302 2192 1404 2257 his
1444 2198 1703 2276 praetor
1746 2191 2064 2275 permittit
2102 2191 2429 2256 abstinere

391 2304 456 2346 se
523 2283 602 2347 ab
670 2281 1040 2361 hereditate,
1114 2286 1188 2346 ut
1250 2281 1472 2365 potius
1545 2283 1827 2366 parentis
1894 2282 2065 2346 bona
2130 2284 2430 2345 ueneant.

388 2371 513 2435 159.
562 2369 940 2435 Idem‘iuris
979 2375 1078 2435 est
1116 2376 1181 2435 et
1216 2373 1289 2435 in
1324 2371 1548 2436 uxoris
1585 2392 1878 2454 persona,
1925 2393 2088 2454 quae
2125 2371 2196 2434 in
2230 2392 2432 2434 manu

535 2584 585 2650 1)
623 2598 723 2650 pro
760 2582 1020 2650 portione
1057 2551 1242 2637 Heisc.
1298 2584 1528 2650 propter
1564 2581 1947 2635 contractione
1975 2581 2042 2635 V.
2162 2585 2215 2651 2)
2256 2601 2325 2636 ex
2365 2600 2430 2636 eo

391 2654 539 2722 quod
576 2655 756 2723 suppl.
797 2654 1060 2725 Saviyny.
1226 2655 1278 2721 3)
1316 2652 1531 2706 uenieri
1570 2652 1636 2705 V.
1784 2656 1838 2722 4)
1878 2653 2094 2707 soleant
2137 2654 2429 2709 Goeschen.

391 2724 751 2867 gplsspgzta}ffi
785 2796 853 2850 V·
911 2727 963 2793 5)
1002 2728 1067 2778 ut
1108 2724 1175 2778 V.
1396 2727 1448 2793 6)
1487 2725 1734 2791 quodam
1789 2725 1981 2796 modo]
2039 2725 2322 2792 qadmodo
2361 2725 2429 2797 V.

532 2981 595 3041 ξς
635 2980 934 3029 156-158.
975 3001 1041 3020 =
1071 2977 1119 3029 Ι.
1151 2981 1201 3041 2,
1235 2979 1315 3040 19,
1350 2981 1397 3027 2.
1457 2977 1526 3042 cf.
1556 2975 1714 3041 infra
1744 2979 1793 3041 3,
1823 2980 1873 3027 2.
1934 2975 2048 3029 Gai
2074 2975 2201 3044 epit.
2232 2980 2283 3043 2,
2306 2980 2357 3044 3,
2381 2981 2432 3029 6.

401 3048 520 3115 Uzp.
569 3052 654 3114 22,
686 3052 770 3101 24.
847 3048 1011 3102 Paul.
1063 3048 1193 3102 Coll.
1245 3051 1330 3113 16,
1361 3050 1411 3111 3,
1442 3052 1472 3099 6
1523 3046 1687 3115 (Sem.
1727 3050 1776 3108 4,
1807 3052 1856 3110 8,
1889 3048 1958 3114 6).
2033 3048 2110 3101 D.
2159 3051 2245 3113 23,
2277 3053 2327 3115 2,
2361 3054 2428 3102 11

388 3120 575 3188 (Paul.
630 3120 807 3187 1631).
865 3122 949 3184 38,
983 3125 1066 3186 16,
1098 3126 1146 3186 1,
1173 3125 1229 3183 2;
1261 3123 1294 3170 4
1332 3118 1485 3187 (Uzp.
1516 3119 1692 3186 2512).
1749 3118 2029 3172 Priscian.
2070 3123 2155 3181 17,
2187 3124 2287 3172 121
2340 3119 2430 3188 (Π,

391 3195 493 3243 170
540 3190 621 3245 ed.
668 3191 878 3258 Hertz).
938 3191 1122 3244 Plaut.
1170 3191 1323 3243 Prin.
1365 3193 1466 3241 329
1498 3215 1564 3233 =
1597 3193 1644 3253 2,
1678 3195 1725 3256 2,
1757 3194 1841 3242 48.
1905 3189 2057 3243 Ptin.
2100 3191 2306 3261 Paneq.
2340 3196 2431 3244 37.

389 3264 601 3316 Auson.
639 3262 704 3316 de
740 3262 1008 3315 herediolo
1045 3265 1124 3330 (p.
1158 3267 1223 3315 16
1262 3261 1342 3314 ed.
1386 3262 1616 3329 Peiper).

532 3339 561 3398 ξ
604 3338 722 3386 158.
777 3332 1053 3403 parentis]
1092 3334 1161 3400 cf.
1201 3333 1276 3385 D.
1318 3337 1403 3399 50,
1436 3338 1615 3401 16„51
1656 3332 1809 3401 (Gai.
1850 3334 1990 3400 349).

532 3410 562 3469 ξ
604 3409 722 3457 159.
780 3405 848 3470 cf.
888 3405 1045 3471 infra
1083 3409 1132 3472 3,
1163 3409 1210 3456 3.
1275 3421 1451 3472 supra
1489 3410 1537 3470 2,
1571 3409 1689 3458 131.
1733 3408 1779 3469 1,
1813 3409 1931 3456 111.
2005 3402 2064 3454 in
2103 3419 2276 3455 manu
2316 3405 2430 3474 est]

391 3477 458 3542 cf.
498 3477 573 3531 D.
614 3481 699 3541 40,
730 3482 779 3543 5,
813 3479 878 3527 14
934 3476 1113 3548 (Mod.
1154 3477 1295 3548 325).
1370 3475 1429 3531 in
1470 3476 1638 3551 nuru]
1696 3478 1765 3546 cf.
1805 3476 1881 3528 D.
1921 3478 2006 3544 50,
2039 3479 2122 3544 16,
2154 3480 2221 3527 50
2270 3476 2432 3548 (Ulp.
