2650 3917
569 116 670 170 AD
711 114 886 170 GAIV
888 115 947 168 M
982 115 1339 169 PRAEFAT.
1377 113 1724 170 HVSGHKH
1759 115 1874 170 ΕΙ).
1912 117 1952 170 Ι.
2157 117 2284 181 127

239 287 457 362 Beryti
492 290 557 346 et
596 284 1119 361 Constantinopoli
1154 287 1251 344 ius
1297 284 1500 344 doceri
1545 288 1819 362 coeptum
1871 288 2041 360 esset,
2086 287 2181 346 his
2223 290 2288 346 in

240 376 467 436 scholis
506 373 622 435 Gai
670 374 841 434 libris
896 373 973 433 ad
1018 374 1281 433 edictum
1325 372 1598 432 urbicum
1646 374 1866 434 alteros
1906 375 1982 434 ad
2028 375 2288 436 edictum

235 465 613 543 provinciale
660 464 1016 524 substitutos
1064 481 1217 538 esse,
1261 462 1606 530 solennibus
1650 467 1854 523 tamen
1908 465 2179 540 partibus
2226 470 2291 526 et

235 555 583 614 nominibus
637 553 917 628 rotenus,
971 553 1034 611 id
1090 571 1226 612 cum
1279 571 1345 611 re
1400 551 1535 627 ipsa
1588 553 1912 612 verisimile
1967 548 2111 628 est1,
2156 558 2287 614 tum

237 664 309 705 eo
359 643 775 716 confirmatur,
820 642 981 718 quod
1024 641 1348 702 Iustiniani
1392 645 1660 717 tempore
1706 642 1848 702 libri
1894 644 1970 701 ad
2027 644 2288 703 edictum

234 731 616 811 provinciale
661 733 887 808 integri
924 730 1230 804 extabant,
1268 751 1341 790 ex
1375 731 1546 790 libris
1587 732 1663 791 ad
1700 731 1788 789 ed.
1836 732 2104 791 urbicum
2145 753 2285 794 vero

234 827 303 882 in
351 822 682 899 provinciis
729 820 961 880 scilicet
1004 820 1293 898 neglectis
1340 822 1579 879 tantum
1625 820 1825 880 decem
1874 827 2240 897 supererant.

375 912 584 970 Etiam
615 910 815 970 libros
864 929 934 968 ex
981 908 1047 978 Q.
1096 909 1294 968 Mucio
1342 908 1562 968 Gaium
1606 911 1672 968 in
1728 909 2067 969 scholarum
2111 930 2287 970 usum

237 1001 554 1078 scripsisse
599 1002 757 1060 certe
812 998 1125 1075 probabile
1171 1001 1276 1057 est.
1369 999 1530 1056 Nam
1575 1016 1711 1058 cum
1759 998 1836 1058 ad
1892 1019 1991 1059 eos
2046 1019 2288 1076 quoque

236 1093 411 1150 iuxta
458 1089 645 1149 edicti
688 1089 1250 1166 interpretationem
1294 1086 1579 1146 lectorem
1626 1088 1884 1167 ablegat,
1931 1091 2106 1164 quasi
2151 1109 2288 1165 pro·

238 1179 523 1240 mulsidis
567 1179 699 1238 loco
748 1178 981 1254 aliquid
1036 1176 1257 1236 addens
1303 1175 1503 1236 verbis
1551 1171 1687 1236 ‘hoc
1741 1178 1935 1238 solum
1989 1180 2290 1255 tantisper

240 1269 469 1329 sufficit
522 1261 925 1327 admonuisse'
983 1258 1074 1347 (1,
1108 1267 1253 1326 188.
1308 1267 1384 1325 cf.
1426 1268 1483 1342 2,
1515 1257 1658 1347 97),
1711 1286 1907 1327 nonne
1962 1267 2289 1345 discipulos

241 1360 485 1418 videtur
518 1357 831 1433 respicere,
868 1376 939 1414 ex
974 1356 1100 1414 illis
1136 1355 1308 1414 libris
1345 1358 1555 1430 postea
1590 1355 1831 1416 uberius
1867 1357 2286 1417 instruendos?

244 1448 560 1525 Suspicari
594 1447 786 1523 igitur
812 1446 957 1505 licet
981 1447 1048 1503 in
1085 1444 1303 1504 scholis
1332 1445 1440 1504 hos
1477 1444 1664 1505 libros
1692 1448 1872 1505 antea
1909 1466 2044 1505 eum
2089 1447 2289 1507 locum

243 1538 595 1610 obtinuisse,
639 1537 704 1593 in
752 1554 930 1611 quem
973 1538 1186 1610 postea
1229 1532 1557 1609 Papiniani
1600 1553 1887 1611 responsa
1931 1538 2222 1596 venerint.

377 1627 660 1702 Denique
703 1626 933 1700 primus
963 1622 1168 1698 Gaius,
1203 1626 1273 1681 ut
1308 1623 1432 1681 iam
1468 1623 1609 1697 dixi,
1657 1625 1953 1684 elementa
1990 1625 2286 1701 quaedam

242 1718 395 1776 iuris
453 1714 652 1774 civilis
716 1713 1053 1789 composuit
1098 1715 1160 1771 et
1213 1713 1288 1772 ab
1345 1712 1493 1789 ipsis
1556 1714 1940 1773 instituendis
2004 1714 2291 1775 studiosis

241 1808 553 1865 oratorum
608 1804 943 1879 exemplum
998 1804 1234 1862 secutus
1247 1793 1272 1832 ²
1318 1802 1652 1878 appellavit
1695 1802 2129 1879 Institutiones,
2188 1804 2285 1863 vel

243 1915 420 1971 quem
478 1895 782 1971 integrum
826 1894 866 1951 i.
906 1912 952 1951 e.
1002 1911 1039 1950 a
1091 1891 1358 1951 librariis
1411 1892 1677 1950 nondum
1730 1892 2080 1953 mutilatum
2134 1894 2289 1952 eius-

242 2078 537 2148 antiquior
574 2077 716 2133 Gaio
753 2095 867 2132 non
905 2079 1143 2134 videtur.
1218 2078 1311 2133 Sic
1348 2081 1571 2149 praeter
1614 2080 1802 2149 ipsum
1848 2080 1969 2134 eius
2016 2080 2286 2163 aequales

240 2151 528 2206 Iulianum
558 2151 629 2204 de
669 2150 1162 2234 ambiguitatibus,
1189 2150 1566 2221 Pomponium
1600 2150 1900 2205 enchiridii
1936 2151 2146 2205 librum
2174 2152 2287 2206 sin·

240 2222 501 2291 gularem
537 2221 762 2276 invenio
810 2221 1114 2292 scripsisse.
1187 2223 1375 2276 Antea
1410 2222 1557 2277 liber
1593 2223 1929 2292 simpliciter
1972 2224 2291 2291 dicebatur,

240 2309 308 2347 ex
343 2313 427 2365 gr.
470 2295 537 2347 ut
574 2291 921 2363 antiquiores
967 2296 1205 2361 taceam,
1251 2293 1475 2347 Neratii
1509 2292 1690 2347 Prisci
1736 2295 1807 2349 de
1854 2293 2083 2349 dotibus
2119 2295 2283 2364 (Gen.

239 2373 292 2433 4,
319 2369 406 2436 4),
460 2364 700 2418 Masurii
757 2364 952 2418 Sabini
1017 2365 1087 2418 de
1151 2365 1317 2419 furtis
1374 2364 1810 2437 (Gell.11,18),
1872 2366 2151 2421 Labeonis
2215 2366 2285 2420 de

241 2437 431 2492 officio
471 2436 758 2491 senatorio
785 2435 1031 2506 (Gell.4,
1062 2438 1168 2506 10),
1206 2435 1469 2492 Cascellii
1495 2453 1642 2490 unus
1676 2436 2102 2492 benedictorum
2141 2438 2221 2508 (L.
2254 2445 2289 2492 2

239 2514 270 2574 5
309 2515 380 2562 44
435 2507 507 2562 D.
563 2506 635 2562 de
690 2507 829 2579 orig.
884 2507 991 2562 iur.
1048 2515 1097 2577 1,
1127 2510 1197 2578 2).
1291 2506 1353 2573 Q.
1402 2508 1653 2562 Mucium
1705 2525 1837 2564 vero
1897 2508 2012 2564 alia
2063 2510 2288 2564 ratione

240 2579 453 2634 librum
491 2578 898 2649 singularem
871 2598 1015 2647 ορων
1045 2579 1355 2649 scripsisse,
1391 2579 1610 2633 ratione
1639 2581 1859 2635 scilicet
1885 2580 2085 2636 habita
2112 2581 2284 2636 libro-

238 2669 362 2706 rum
397 2650 724 2776 ι(ἰὲζξῖἶάειοίιιι
753 2650 867 2706 de
851 2668 972 2705 iure
1010 2650 1182 2719 civili,
1219 2650 1427 2719 quibus
1464 2651 1628 2720 quasi
1664 2652 1939 2706 universis
1976 2653 2291 2721 accederet,

239 2723 357 2778 iam

389 2796 442 2863 1)
480 2792 832 2847 Provinciale
870 2793 1021 2847 enim
1058 2793 1309 2849 edictum
1348 2796 1407 2849 et
1442 2793 1628 2864 ipsum
1668 2793 1998 2848 continebat
2035 2793 2285 2850 edictum

235 2866 521 2933 urbicum,
556 2863 710 2934 quod
745 2867 813 2918 ut
846 2864 1097 2920 Iulianus
1133 2869 1363 2935 praetor
1399 2868 1793 2934 composuerat
1819 2868 1879 2920 et
1913 2870 2291 2935 proposuerat

236 2940 374 3021 post
408 2938 687 3019 perpetuo
726 2936 990 2992 similiter
1025 2936 1470 3007 proponendum,
1507 2937 1592 2991 ita
1626 2936 1949 2991 Hadrianus
1985 2937 2282 3006 proconsul

237 3011 298 3063 in
334 3025 649 3135 ρξονῶηοῗέ
688 3008 805 3062 suis
842 3008 1211 3146 ρξῖῑὲοειιίεεθ.
1249 3012 1324 3150 eg)
1345 3007 1488 3063 SCto
1499 3007 1679 3134 ¹3{acto
1724 3008 1906 3078 (cuius
1922 3008 2291 3134 uliibffinianus

237 3098 372 3136 cons
508 3097 581 3133 an
682 3079 834 3133 circa
1044 3096 1277 3134 memmi
1353 3096 1389 3133 a
1434 3096 1498 3134 ce
1557 3097 1636 3134 r1s
1721 3097 1921 3134 rocons
2045 3097 2111 3134 us
2196 3096 2258 3133 ro

310 3152 568 3207 nendum
606 3167 832 3206 curasse
879 3151 1287 3206 existimandus
1335 3153 1437 3206 est.
1512 3151 1675 3206 Unde
1683 3097 1958 3206 PPaeanio
2005 3097 2288 3221 testep(ad

283 3227 475 3293 utrop.
516 3227 665 3290 8,1·1
707 3222 785 3295 [p.
818 3228 940 3290 14⁷,
968 3229 1037 3277 26
1075 3223 1163 3277 ed.
1190 3222 1493 3306 DroysenJ)
1530 3222 1798 3291 edictum,
1837 3223 1990 3313 quod
2025 3223 2086 3277 in
2120 3222 2292 3277 Italia

237 3296 442 3351 Latine
481 3293 780 3350 dicebatur
815 3296 1170 3364 perpetuum,
1215 3294 1390 3349 etiam
1429 3310 1530 3348 suo
1581 3297 1834 3364 tempore
1869 3294 1933 3349 τὸ
1967 3291 2285 3363 Ἀδριάνιον

235 3368 552 3423 vocitatum
591 3368 695 3421 est.
850 3368 905 3435 2)
941 3364 1090 3420 Nam
1126 3370 1185 3420 et
1223 3364 1605 3431 Quintilianus
1643 3365 2065 3421 Institutionem
2102 3369 2285 3420 orato-

234 3440 380 3494 riam
427 3442 489 3493 et
535 3436 731 3493 Celsus
788 3439 977 3492 orator
1031 3440 1178 3493 teste
1215 3436 1400 3492 Schol.
1440 3438 1512 3491 ad
1547 3437 1792 3493 Iuvenal.
1834 3443 1884 3507 6,
1913 3444 2016 3493 245
2052 3437 2289 3491 Institu-

234 3510 425 3566 tiones
463 3509 785 3578 scripserat.
