2650 3917
216 1470 284 1519 34

327 133 457 200 174
924 132 1050 188 GAJ
1085 132 1344 188 INSTIT.
1382 133 1409 187 Ι
1448 140 1745 190 123-128.

322 301 488 362 sunt.
579 297 709 363 126.
755 297 845 362 Et
905 298 1163 381 quidem
1219 299 1392 362 serui
1452 298 1978 380 quemadmodum
2033 303 2360 382 potestate

317 386 693 470 liberentur,
737 409 818 451 ex
861 388 963 452 his
1009 387 1366 469 intellegere
1411 408 1770 470 possumus,
1817 409 1980 471 quae
2025 388 2103 454 de
2150 390 2358 456 seruis

320 476 850 541 manumittendis
919 477 1209 561 superius
1275 477 1702 560 exposuimus,
1800 477 1938 543 127.
2000 476 2141 541 1Η1Ἰ
2167 499 2322 543 uero
2339 530 2357 561 ,

323 565 431 649 qui
470 567 544 630 in
575 572 877 648 potestate
907 565 1205 648 parentis
1245 571 1408 643 sunt,
1454 572 1692 632 mortuo
1728 586 1794 632 eo
1828 568 1933 632 sui
1964 568 2130 633 iuris
2173 568 2353 650 ftwnt.

319 655 430 721 sed
469 655 581 721 hoc
625 655 1106 721 distinctionem
1151 651 1409 740 recipit3
1472 676 1644 721 nam-⁴
1682 661 1918 722 mortuo
1968 662 2161 737 patre
2206 678 2359 725 sane

322 745 498 809 omni
544 744 736 810 modo
783 743 904 808 filii
959 743 1213 808 filiaeue
1269 743 1370 808 sui
1426 743 1585 808 iuris
1639 744 2040 822 efficiuntur;
2096 751 2356 810 mortuo

320 855 474 898 uero
522 855 646 898 auo
700 854 829 899 non
882 835 1055 900 omni
1117 833 1307 898 modo
1370 837 1655 917 nepotes
1701 834 1988 916 neptesue
2043 837 2146 900 sui
2190 835 2359 900 iuris

320 924 499 1005 fiunt,
544 923 656 989 sed
696 925 792 987 ita
836 923 896 988 si
926 928 1076 1005 post
1118 927 1374 989 mortem
1419 924 1533 987 aui
1569 922 1638 987 in
1684 924 1889 1005 patris
1927 924 2027 988 sui
2073 927 2360 1007 potestur.

321 1017 454 1076 tem
499 1014 779 1077 recasuri
827 1033 960 1076 non
998 1017 1167 1075 sunt.
1258 1013 1479 1094 itaque
1527 1013 1583 1075 si
1627 1012 1941 1077 moriente
1996 1035 2118 1078 auo
2164 1019 2358 1095 pater

321 1122 532 1167 eorum
578 1107 635 1167 et
675 1103 861 1165 uiuat
903 1106 960 1165 et
1001 1102 1075 1165 in
1112 1104 1418 1182 potestate
1463 1101 1667 1185 patris
1722 1101 1944 1184 fuerit,
1999 1105 2157 1167 tunc
2202 1107 2358 1187 post

324 1191 569 1255 obitum
616 1192 729 1255 ami
772 1192 845 1254 in
895 1192 1111 1273 patris
1157 1191 1257 1254 8111
1320 1193 1644 1274 potestate
1707 1191 1900 1275 fiunt3
1966 1191 2024 1256 si
2074 1213 2230 1274 uero
2278 1191 2359 1276 is,

323 1301 451 1363 quo
499 1283 787 1363 tempore
836 1300 993 1351 auus
1045 1280 1346 1360 moritur,
1411 1283 1523 1343 aut
1577 1281 1707 1343 iam
1772 1286 2058 1346 mortwus
2111 1287 2201 1348 est
2242 1287 2356 1347 aut

322 1370 480 1433 exiit
526 1368 604 1434 de
652 1372 974 1452 potestate
1006 1369 1246 1450 patris,
1301 1374 1463 1432 tune
1498 1368 1592 1448 hi,
1639 1370 1790 1450 quia
1831 1370 1903 1434 in
1952 1367 2360 1452 potestatem*

321 1458 459 1522 eius
508 1458 731 1524 cadere
774 1479 910 1521 non
962 1461 1260 1541 possunt,
1321 1458 1423 1522 sui
1477 1458 1633 1523 iuris
1678 1458 1860 1523 fiunt.
1952 1459 2078 1527 128.
2127 1458 2289 1524 Cum
2339 1456 2353 1546 Ι

322 1550 536 1611 autem
574 1548 651 1630 18,
697 1547 800 1611 cui
838 1546 920 1611 ob
968 1546 1231 1630 aliquod
1275 1544 1702 1611 maleficium⁸
1748 1570 1827 1612 ex
1867 1548 2009 1634 lege
2056 1546 2356 1612 Cornelia

269 1704 271 1706 ,
322 1658 490 1719 aqua
536 1639 600 1699 et
645 1635 781 1722 igni
826 1636 1247 1718 interdicitur,
1293 1635 1623 1704 ciuitatem
1666 1634 2027 1702 Romanam
2073 1639 2359 1722 amittat,

323 1725 631 1811 sequitur,
675 1729 750 1789 ut
796 1722 984 1808 quiae
1029 1745 1105 1789 eo
1152 1725 1342 1789 modo
1391 1746 1469 1789 ex
1516 1746 1782 1790 numero
1830 1726 2072 1792 ciuium
2116 1725 2354 1791 Roma-

319 1835 552 1879 norum
598 1814 879 1896 tollitur,
924 1814 1193 1898 proinde
1240 1834 1313 1879 ac
1369 1817 1624 1879 mortuo
1681 1835 1756 1879 eo
1812 1815 2108 1880 desinant
2161 1816 2352 1880 liberi

320 1903 391 1968 in
435 1907 756 1987 potestate
794 1903 932 1967 eius
971 1925 1134 1968 esse:
1179 1925 1298 1969 nec
1337 1904 1505 1968 enim
1542 1903 1709 1968 ratio
1755 1905 2019 1988 patitur,
2064 1909 2138 1969 ut
2173 1927 2356 1990 pere—

320 1992 542 2079 grinae
589 1991 985 2077 condicionis
1032 1992 1228 2056 homo
1266 1993 1476 2057 ciuem
1513 1992 1877 2057 Romanum
1917 1994 1986 2058 in
2030 1998 2356 2079 potestate

319 2082 571 2147 habeat.
662 2082 804 2166 pari
847 2083 1098 2146 ratione
1135 2085 1200 2145 et
1237 2082 1292 2145 si
1329 2082 1409 2163 ei,
1455 2082 1566 2165 qui
1603 2082 1673 2146 in
1707 2085 2029 2166 potestate
2065 2084 2355 2167 parentis

322 2173 425 2255 sit,
453 2194 619 2255 aqua
647 2175 711 2235 et
737 2170 876 2257 igni
921 2170 1335 2238 interdictum
1379 2171 1591 2255 fuerit,
1639 2171 1874 2237 desinit
1917 2173 1988 2236 in
2030 2175 2356 2257 potestate

318 2262 605 2345 parentis
652 2280 815 2343 esse,
873 2260 1026 2343 quia
1069 2280 1270 2343 aeque
1325 2259 1490 2324 ratio
1545 2281 1677 2324 non
1731 2261 2001 2345 patitur,
2055 2267 2131 2326 ut
2174 2284 2354 2345 pere·

320 2351 540 2437 grinae
588 2349 986 2416 condicionis
1032 2347 1227 2413 homo
1271 2349 1345 2413 in
1389 2352 1707 2431 potestate
1742 2349 1827 2414 sit
1874 2350 2035 2415 ciuis
2073 2350 2356 2416 Romani

465 2561 516 2628 1)
552 2561 927 2629 supplementa
962 2561 1223 2614 debentur
1257 2560 1398 2613 Inst.
1570 2562 1624 2628 2)
1659 2560 1841 2629 patris
1876 2578 2046 2630 usque
2081 2562 2158 2615 ad
2192 2565 2355 2632 pote·

320 2632 523 2685 statem
562 2648 664 2686 om.
702 2630 769 2685 V.
917 2634 971 2701 3)
1008 2638 1110 2686 aut
1145 2630 1304 2684 uelut
1340 2631 1689 2685 inserendum
1725 2639 1803 2687 est
1839 2638 1941 2687 aut
1967 2648 2036 2686 ex
2063 2631 2118 2686 le
2159 2649 2192 2687 e
2221 2631 2354 2687 Cor-

318 2701 470 2756 nelia
505 2708 571 2757 ut
605 2703 868 2773 ylossema
904 2720 1028 2758 eum
1064 2702 1350 2772 Krueyero
1387 2702 1691 2757 delendum.
1873 2706 1927 2774 4)
1966 2702 2065 2773 qui
2156 2747 2168 2758 .
2277 2776 2280 2779 ἢ

462 2887 492 2947 5
533 2888 652 2936 126.
691 2908 759 2927 =
788 2883 839 2936 Ι.
880 2887 928 2949 1,
960 2886 1024 2934 12
1044 2897 1137 2950 pr.
1195 2880 1475 2951 superius]
1514 2881 1584 2947 cf.
1612 2897 1788 2949 supra
1827 2887 1877 2948 1,
1905 2886 1970 2934 21
2011 2888 2062 2937 et
2094 2899 2236 2951 quae
2271 2883 2366 2937 ibi·

316 2960 510 3091 notat?
533 2960 759 3078 mt=
787 3025 838 3077 I.
870 3029 918 3091 1,
950 3029 1015 3078 12
1025 3040 1117 3092 pr.
1157 3024 1226 3090 cf.
1260 3021 1376 3076 Gai
1401 3023 1526 3092 epit.
1560 3028 1607 3090 1,
1639 3028 1670 3076 6
1690 3040 1781 3092 pr.
1831 3023 1957 3092 Ulp.
1991 3028 2074 3090 10,
2105 3029 2153 3077 2.
2191 2993 2363 3091 infra

319 3102 368 3163 1,
401 3102 521 3151 146.
580 3104 630 3164 2,
661 3102 780 3150 158.
846 3095 921 3151 D.
963 3101 1011 3161 1,
1042 3099 1092 3158 e,
1121 3098 1154 3147 5
1210 3093 1367 3163 (Ulp.
1399 3096 1576 3163 2829).
1644 3099 1729 3161 25,
1760 3099 1810 3160 3,
1840 3099 1889 3161 3,
1919 3100 1950 3147 2
2009 3094 2163 3164 (Uzp.
2207 3098 2350 3164 982).

321 3175 369 3234 1,
401 3174 449 3235 7,
478 3174 544 3222 41
586 3168 766 3237 (Mod.
799 3169 939 3237 189).
998 3172 1046 3234 1,
1078 3170 1127 3232 7,
1156 3171 1224 3219 40
1244 3182 1336 3235 pr.
1367 3166 1548 3235 (Mod.
1578 3167 1648 3235 2).
1710 3165 1846 3221 Geel.
1878 3172 1926 3232 1,
1958 3171 2042 3235 12,
2072 3172 2122 3219 4.
2175 3167 2353 3237 Apul.

318 3242 659 3378 apaassameg.
708 3336 775 3357 --.
805 3274 862 3364 1.
905 3314 953 3377 1,
985 3314 1070 3374 12,
1101 3313 1149 3363 1.
1195 3285 1292 3373 “cfi
1327 3283 1467 3362 ‘Gai
1520 3308 1644 3376 epit.
1687 3312 1735 3376 1,
1766 3313 1816 3374 6,
1849 3313 1895 3362 1.
1996 3308 2123 3378 Uzp.
2183 3313 2269 3378 1ο,
2300 3281 2361 3364 3.

317 3385 474 3451 infra
531 3388 580 3450 1,
611 3388 731 3437 161.
804 3382 881 3436 D.
931 3385 1016 3447 38,
1047 3384 1130 3445 10,
1159 3385 1212 3446 4,
1243 3385 1306 3432 11
1367 3379 1542 3447 (Mod.
1576 3380 1731 3447 148)..
1791 3379 2028 3448 proinde
2082 3396 2150 3433 ac
2202 3397 2355 3435 mor-

315 3455 552 3581 {⁰253
585 3460 671 3522 37,
708 3460 760 3522 4,
792 3460 841 3521 1,
870 3457 903 3506 8
958 3451 1115 3522 (Ulp.
1149 3452 1324 3520 1099).
1383 3454 1466 3516 38,
1499 3455 1548 3515 2,
1577 3456 1629 3514 4,
1659 3457 1690 3504 2
1747 3451 1936 3518 (Paul.
1976 3454 2116 3521 595).
2191 3453 2358 3520 infra
