2650 3917
606 191 709 244 AD
749 190 983 246 GAIVM
1019 189 1375 247 PRAEFAT.
1413 189 1758 245 HVSCHKH
1794 190 1919 245 ED.
1945 192 1988 246 I.
2191 191 2320 256 133

281 365 511 441 gasset,
564 361 930 420 mentionem
960 361 1363 435 *imperatoris
1409 361 1702 419 Antonini
1751 364 1807 435 1,
1839 362 1964 420 102
2013 363 2324 437 tamquam

284 453 419 510 vivi
461 451 735 510 habitam
780 467 900 508 non
954 451 1195 525 poterat
1238 452 1304 508 in
1352 449 1479 509 divi
1531 452 2153 517 commemorationem
2204 468 2324 510 non

277 543 533 601 mutare.
628 537 921 598 Similiter
973 537 1269 598 iudicabis
1316 540 1389 598 de
1445 538 1701 599 secundo
1759 541 2182 599 commentario
2227 559 2321 598 ra-

275 632 446 690 tione
494 629 691 702 tertii,
751 630 815 686 in
863 646 979 702 quo
1036 624 1074 702 §
1126 631 1253 689 100
1309 630 1440 704 ipse
1494 628 1791 687 rationem
1843 628 2057 705 placiti
2110 628 2323 704 reddit,

281 718 449 796 quod
497 721 557 792 2,
588 719 713 776 232
763 736 882 776 non
927 719 1193 792 pretiosa
1237 719 1474 776 ratione
1532 720 1837 793 receptum
1893 735 2018 776 esse
2073 718 2321 777 dixerat.

277 809 490 868 Etiam
546 806 620 867 de
682 807 1045 882 usucapione
1104 826 1215 883 pro
1275 806 1489 866 herede
1549 825 1656 865 suo
1717 809 1778 864 et
1838 808 2169 866 necessario
2227 807 2323 866 vel

277 899 620 958 necessario
665 895 881 954 herede
938 896 1206 971 extante,
1263 897 1644 955 controversa
1700 914 1843 955 sane
1896 897 2180 970 materia,
2236 896 2322 955 di-

278 1005 458 1047 versa
502 985 695 1044 tradit
743 987 801 1059 2,
832 985 915 1043 58
964 988 1025 1043 et
1073 987 1131 1060 3,
1163 988 1285 1045 201
1303 1031 1319 1059 ,
1374 989 1445 1044 ut
1498 987 1708 1061 postea
1761 986 2057 1044 rationem
2111 983 2324 1044 traditi

276 1080 350 1137 in
408 1096 477 1136 eo
541 1048 701 1134 masc
762 1075 1032 1150 posuisse
1096 1075 1399 1149 videatur,
1466 1074 1624 1151 quod
1688 1076 2019 1134 necessario
2086 1077 2323 1134 extante

280 1166 442 1226 nihil
503 1167 713 1224 contra
767 1163 1142 1224 voluntatem
1200 1164 1509 1224 testatoris
1570 1184 1640 1223 ex
1697 1163 2029 1223 hereditate
2091 1164 2326 1224 detrahi

279 1256 518 1329 debeat,
562 1252 841 1328 idemque
886 1253 1010 1312 fere
1057 1254 1221 1312 cadit
1264 1255 1329 1312 in
1377 1256 1695 1330 cognatam
1742 1255 2208 1313 controversiam
2253 1254 2324 1312 de

279 1347 354 1405 in
397 1347 529 1403 iure
577 1344 838 1402 cessione
883 1342 1237 1402 hereditatis
1275 1343 1512 1403 collatis
1552 1345 1611 1417 2,
1629 1344 1709 1402 37
1749 1346 1809 1401 et
1838 1343 1897 1416 3,
1918 1344 2020 1402 87.
2093 1341 2325 1402 Deinde

283 1436 475 1493 etiam
524 1431 817 1507 quasdam
860 1434 1165 1506 materiaS,
1210 1433 1378 1491 velut
1421 1434 1487 1490 in
1531 1433 1659 1490 iure
1717 1433 2041 1491 cessionem
2094 1432 2324 1493 heredi-

277 1526 432 1584 tatis
480 1524 542 1581 et
586 1521 879 1582 bonorum
924 1523 1376 1598 possessionem,
1424 1539 1575 1596 quae
1623 1522 1749 1580 sine
1791 1539 1854 1579 re
1902 1520 2081 1580 datur
2128 1514 2325 1603 (illam

282 1617 349 1689 2,
381 1612 643 1672 35——37
700 1613 763 1668 et
822 1611 881 1684 3,
911 1604 1229 1687 85—871,
1291 1611 1448 1670 hanc
1515 1612 1572 1683 2,
1605 1611 1762 1669 151⁸
1808 1613 1868 1668 et
1925 1613 1982 1684 3,
2014 1603 2326 1690 35—37),

277 1703 380 1761 bis
429 1704 492 1760 et
552 1701 797 1759 tantum
851 1718 966 1759 non
1024 1699 1238 1760 iisdem
1282 1699 1479 1759 verbis
1535 1701 1661 1758 sine
1717 1699 1898 1759 dubio
1956 1716 2076 1759 non
2140 1700 2324 1775 expli-

279 1793 535 1865 cuisset,
581 1788 681 1848 sed
729 1807 876 1863 rem,
921 1792 991 1847 ut
1037 1788 1188 1848 alias
1245 1790 1439 1848 facere
1495 1788 1675 1861 solet,
1728 1788 2086 1848 remittendo
2142 1789 2323 1846 lecto-

275 1899 411 1940 rem
469 1877 857 1954 expediisset,
914 1878 1036 1936 nisi
1094 1897 1228 1936 cum
1273 1880 1483 1954 postea
1539 1878 1741 1952 aptius
1797 1878 1949 1937 hanc
2006 1879 2324 1936 materiam

275 1973 350 2029 in
422 1987 632 2028 comm.
677 1966 775 2025 ΙΠ
835 1966 998 2025 tradi
1058 1967 1476 2041 intellexisset,
1538 1968 1662 2024 iam
1735 1966 2009 2026 manibus
2084 1965 2324 2040 elapsus

277 2061 441 2119 esset
504 2076 714 2116 comm.
761 2054 841 2130 H,
904 2059 974 2114 ut
1038 2058 1333 2132 corrigere
1391 2074 1523 2114 eum
1580 2073 1698 2115 non
1743 2058 1958 2131 posset.
2050 2053 2324 2130 Denique

277 2150 344 2224 3,
376 2149 457 2207 56
505 2165 636 2204 rem
685 2147 741 2221 1,
776 2146 855 2203 22
906 2146 1239 2220 expositam
1291 2148 1421 2204 tam
1474 2144 1624 2213 late,
1687 2146 1809 2203 imo
1856 2144 2038 2203 latius
2085 2146 2326 2220 repetit,

277 2256 466 2315 quam
501 2253 624 2295 non
669 2236 911 2309 poterat
945 2235 1035 2292 ita
1072 2233 1350 2309 scribens,
1397 2236 1466 2290 ut
1502 2234 1690 2292 lector
1728 2253 1764 2292 a
1800 2236 1992 2308 primo
2032 2252 2324 2293 commen-

276 2328 441 2386 tario
486 2342 712 2398 recens,
758 2323 854 2381 vel
900 2325 1008 2398 qui
1053 2323 1306 2382 eundem
1353 2326 1510 2382 certe
1555 2322 1832 2382 manibus
1878 2325 2136 2397 teneret,
2185 2327 2325 2383 ante

279 2417 490 2477 oculos
538 2415 596 2474 ei
641 2415 997 2471 versaretur.

416 2505 535 2563 Tot
598 2520 741 2560 vero
805 2503 1115 2577 tantisque
1177 2501 1320 2559 libri
1383 2501 1708 2561 virtutibus
1774 2503 1959 2560 etiam
2023 2519 2324 2561 successus

273 2594 608 2672 respondit.
701 2590 815 2649 Per
850 2591 1007 2653 hunc
1046 2590 1229 2650 Gaius
1275 2592 1450 2667 quasi
1493 2593 1849 2666 perpetuum
1891 2589 2324 2649 initiandorum

274 2683 604 2745 Themidos
664 2680 1037 2739 sacerdotum
1096 2698 1313 2739 munus
1375 2679 1629 2755 adeptus
1676 2683 1768 2740 est
1814 2684 1891 2755 et,
1951 2680 2090 2738 dum
2154 2681 2325 2738 stetit

272 2775 606 2849 imperium
650 2771 1004 2844 Romanum,
1050 2771 1316 2828 retinuit.
1409 2769 1589 2827 Multi
1624 2771 1872 2828 maximi
1908 2771 2165 2828 nominis
2193 2766 2326 2827 ICti

426 2940 483 3005 1)
520 2937 667 2991 Sane
702 2955 884 3008 nuper
919 2937 1281 2993 Polenaarius
1319 2938 1407 2992 ed.
1448 2955 1582 2993 suae
1619 2957 1674 3007 p.
1706 2944 1808 2992 233
1846 2939 1948 2992 has
1987 2943 2051 3004 ἐξ
2090 2941 2156 2991 ut
2193 2955 2323 3006 spu-

271 3009 394 3063 rias
433 3007 621 3077 eiecit,
659 3009 903 3064 maxime
942 3015 992 3077 2,
1012 3015 1079 3063 98
1119 3012 1451 3079 argumento
1487 3027 1638 3064 usus.
1715 3008 1825 3064 Sed
1861 3013 1927 3064 ut
1964 3009 2198 3063 cessicia
2234 3012 2323 3062 tu-

272 3080 397 3136 tela
422 3096 537 3134 non
578 3083 801 3135 tantum
831 3081 935 3135 sub
974 3082 1220 3150 speciem
1257 3080 1549 3151 legitimae
1577 3080 1792 3135 tutelae
1820 3081 1991 3149 cadit,
2022 3081 2122 3135 sed
2151 3080 2323 3134 etiam

272 3156 343 3208 nt
378 3151 614 3222 propria
649 3152 864 3208 tutelae
903 3152 1137 3222 species,
1176 3170 1320 3221 quae
1361 3152 1610 3207 cessione
1659 3152 1933 3221 defertur,
1982 3151 2324 3207 considerari

273 3226 487 3294 potest,
543 3222 629 3276 ita
665 3223 841 3278 etiam
878 3224 948 3277 de
985 3223 1047 3277 in
1094 3224 1214 3278 iure
1263 3223 1514 3278 cessione
1562 3224 1896 3278 hereditatis
1953 3224 2323 3278 diversimode

274 3298 469 3365 potest
523 3293 784 3348 iudicari.
856 3294 958 3348 me
996 3294 1121 3364 ipse
1158 3312 1286 3349 vero
1345 3295 1578 3349 secundi
1614 3294 1746 3349 libri
1784 3295 1939 3350 locus
1995 3296 2171 3349 etiam
2212 3295 2321 3349 evi-

278 3366 508 3423 dentius
547 3365 739 3435 arguit
766 3365 844 3432 id,
883 3367 1036 3434 quod
1074 3367 1143 3421 de
1179 3366 1400 3421 ratione
1429 3366 1578 3420 inter
1615 3384 1743 3420 eum
1772 3369 1830 3421 et
1856 3367 2090 3421 tertium
2117 3366 2323 3421 librum

277 3437 667 3493 intercedente
723 3454 895 3506 supra
958 3437 1280 3492 statuimus.
1359 3437 1712 3505 Quamquam
1751 3436 1925 3492 Gaius
1981 3438 2151 3492 nimis
2207 3454 2325 3491 mo-

277 3508 446 3564 lestos
475 3510 612 3578 post
639 3513 690 3574 2,
710 3512 779 3561 98
817 3508 1028 3563 mutati
1056 3508 1280 3564 consilii
1317 3509 1722 3563 obtrectatores
1761 3525 1825 3562 eo
1864 3509 2040 3563 etiam
2075 3510 2322 3564 refutare

279 3583 521 3650 poterat,
559 3580 711 3650 quod
750 3579 1003 3634 cessione
1043 3597 1266 3650 quoque
1308 3580 1566 3635 ‘heredes
1606 3579 1777 3634 alicui
1815 3581 2059 3635 fiamus’.
