2650 3917
638 185 937 242 V'LPIANI
971 184 1155 240 INST.
1195 185 1305 239 ΕΒ..
1346 184 1640 240 VINDOB.
1681 184 1871 240 1—111.
2142 185 2277 250 493

883 507 1008 562 EX
1051 506 1308 563 LIBRO
1347 507 1631 563 PRIMO.

1160 650 1286 705 FR.
1325 650 1366 703 Ι.

376 760 424 825 1.
474 761 497 797 ¹
510 760 882 826 Preearium
945 765 1057 838 est,
1130 760 1295 843 quod
1348 760 1636 842 precibus
1683 760 1919 842 petenti
1980 758 2278 823 utendum

248 850 595 916 conceditur
657 849 921 928 tamdiu,
986 849 1293 931 quamdiu
1361 850 1430 927 ie,
1495 850 1604 932 qui
1658 850 1963 927 concessit,
2011 849 2276 930 patitur.

246 939 410 1023 quod
448 959 643 1022 yeuus
687 935 1118 1004 liberalitatis²
1175 959 1250 1002 ex
1294 940 1434 1002 iure
1470 940 1750 1020 yentium
1807 936 2130 1002 deseendit.
2224 943 2279 1001 et

248 1029 440 1094 distat
483 1050 526 1093 a
571 1028 904 1093 donatione
946 1048 1029 1106 eo,
1076 1027 1241 1110 quod
1284 1028 1394 1109 qui
1441 1028 1649 1105 donat,
1696 1029 1787 1092 sic
1831 1027 1958 1105 dat,
2004 1047 2082 1091 ne
2124 1028 2277 1090 reci-

234 1120 412 1200 piat,·
459 1123 530 1183 at
570 1119 681 1200 qui
714 1119 1005 1200 precem-io
1040 1116 1336 1196 coneedit,
1383 1119 1475 1181 sic
1510 1117 1623 1182 dat
1666 1117 1851 1198 quasi
1895 1122 2044 1179 tunc
2076 1136 2279 1197 recep-

246 1214 437 1287 tum&
483 1228 624 1272 eum
657 1207 783 1273 sibi
818 1206 1068 1271 libuerit
1097 1207 1465 1310 precarium
1509 1205 1757 1271 soluere.
1827 1211 1883 1269 et
1936 1210 2024 1270 est
2074 1204 2282 1270 simile

245 1297 655 1364 commodato:
700 1318 855 1362 uam
911 1301 968 1361 et
1020 1298 1131 1379 qui
1184 1296 1531 1361 commodat
1572 1316 1722 1375 rem,
1767 1296 1860 1360 sic
1913 1293 2280 1376 commodat,

242 1393 314 1452 ut
352 1408 481 1453 nou
521 1388 727 1468 faciat
767 1407 898 1451 rem
942 1386 1318 1467 accipientis,
1365 1386 1475 1451 sed
1517 1391 1587 1450 ut
1630 1386 1688 1450 ei
1731 1380 1842 1472 utli
1888 1405 1957 1447 re
1995 1404 2278 1450 commo-
2306 1380 2492 1434 f..1.a.

245 1475 394 1539 data
438 1476 791 1561 permittat.
2348 1452 2442 1506 fin·

377 1564 435 1630 2.
481 1565 797 1629 Locatum
845 1582 1101 1646 quoque
1149 1566 1213 1626 et
1259 1563 1648 1628 conductum
1697 1564 1797 1627 ius
1845 1562 2140 1649 gentium
2187 1561 2282 1625 in-

247 1653 446 1719 duxit.
528 1675 678 1717 nam
725 1673 805 1716 ex
852 1674 979 1736 quo
1027 1652 1356 1734 coepimus
1393 1653 1836 1737 possessiones
1873 1652 2169 1735 proprias
2217 1655 2283 1714 et

245 1764 349 1807 res
385 1742 650 1826 habere,
698 1746 764 1806 et
799 1740 1058 1806 locandi
1095 1741 1197 1806 ius
1242 1741 1465 1805 nancti
1511 1763 1730 1807 sumus
1779 1745 1844 1805 et
1881 1740 2281 1806 conducendi

246 1852 348 1897 res
394 1831 665 1916 alienas3
712 1835 777 1895 et
822 1831 897 1915 ie,
945 1830 1058 1913 qui
1105 1830 1433 1913 conduxit,
1489 1831 1627 1894 iure
1673 1830 1968 1916 gentium
2023 1834 2280 1894 tenetur

248 1920 329 1985 ad
371 1921 732 1985 mercedem
770 1916 1232 2007 exlsolueudam
1246 1916 1287 1982 ⁸.

1150 2095 1281 2152 FR.
1318 2095 1387 2151 Π.

379 2205 427 2271 1.
477 2256 490 2269 .
531 2256 543 2269 .
585 2256 598 2269 .
640 2256 651 2267 .
698 2226 824 2269 nou
883 2203 1136 2269 eadem*
1175 2206 1183 2287 Ι
1223 2226 1624 2270 wummorum
1688 2201 1982 2287 eorpora⁶
2046 2202 2280 2286 reddiS,
2307 2203 2346 2257 f.
2375 2201 2497 2256 Lb-

247 2317 410 2379 quae
440 2294 764 2378 accepisti,
803 2294 915 2358 sed
954 2293 1148 2357 aliam
1175 2294 1516 2378 pecuniam
1555 2294 1840 2358 eiusdem
1880 2293 2279 2378 quantitatis,
2353 2274 2446 2328 fin·

245 2387 506 2448 mutuae
552 2386 767 2448 autem
816 2383 951 2447 dari
998 2387 1276 2468 possunt
1321 2404 1423 2448 res
1469 2405 1604 2447 non
1649 2383 1829 2466 aliae,
1877 2406 2069 2467 quam
2118 2403 2279 2466 quae

245 2473 548 2558 pondere,
594 2494 881 2557 numero,
926 2493 1227 2537 mensura
1274 2473 1705 2537 continentur.

384 2561 439 2627 2.
486 2560 787 2646 Depositi
825 2582 1080 2645 quoque
1119 2560 1472 2625 utilitatem
1510 2561 1613 2625 ius
1650 2563 1941 2647 gentium
1976 2560 2281 2645 prodidit,

247 2654 323 2716 ut
370 2651 515 2735 quis
562 2651 1046 2716 custodiendam
1093 2672 1229 2715 rem
1276 2671 1462 2714 suam
1509 2651 1853 2716 animalem
1901 2650 2007 2715 uel
2048 2649 2057 2736 1
2101 2703 2112 2714 .
2160 2702 2172 2715 .
2213 2702 2227 2715 .
2267 2702 2278 2713 .

853 2843 975 2897 EX
1010 2787 1286 2899 LIBRO⁹
1302 2843 1405 2898 IN
1405 2843 1564 2899 CER
1572 2843 1682 2897 TO.

1138 2969 1399 3025 FR.111.

380 3082 492 3146 1..
541 3131 554 3144 .
605 3132 617 3144 .
667 3078 1115 3165 comlparatum
1161 3082 1260 3143 est
1306 3079 1740 3161 interdictum,
1788 3078 1968 3144 uelut
2016 3079 2120 3145 cui
2166 3078 2284 3143 im'-
2312 3076 2349 3130 f
2366 3077 2432 3131 II·
2447 3093 2481 3130 a

243 3173 406 3237 tium
451 3176 552 3236 est.
2330 3149 2455 3202 init.

393 3366 447 3434 1)
482 3365 663 3446 suppl.
707 3382 776 3419 ex
829 3364 903 3419 D.
945 3369 1146 3432 48‚2e‚
1179 3370 1226 3419 1.
1290 3365 1665 3447 fraqmcntum
1728 3365 2031 3420 Vindobon.
2089 3365 2288 3433 incipit

244 3453 287 3489 a
321 3436 472 3490 verbi
504 3435 593 3489 uti
631 3436 815 3491 littera
848 3437 1062 3492 ultima.
1238 3439 1291 3505 2)
1331 3438 1390 3490 et
1425 3436 1613 3505 ipsum
1659 3435 1965 3506 Ulpianum
2006 3434 2286 3491 addidisse

243 3508 567 3576 auspicatur
604 3507 723 3562 Ην.
818 3510 871 3577 3)
910 3506 1238 3562 soluendam
1274 3508 1456 3577 suppl.
1488 3453 1832 3576 Rudorffpm
1848 3509 1902 3577 4)
1938 3524 2052 3561 non
2088 3507 2286 3562 eadem

245 3580 429 3647 suppl.
469 3579 590 3634 Hu.
738 3581 791 3649 5)
829 3596 1182 3634 nummorum
1221 3595 1456 3649 corpora
1490 3581 1669 3650 suppl.
1712 3580 1973 3651 Krueyer.
