2650 3917
385 160 473 224 42
1035 160 1096 215 P.
1133 160 1378 215 ALFEN
1385 160 1467 214 VS
1511 160 1763 216 VARVS.

385 322 808 407 appellabant.
898 324 1081 409 isque
1146 319 1373 409 cippis
1420 327 1532 390 aut
1596 320 1810 407 aliqua
1872 325 2009 390 alia
2059 347 2130 391 re
2182 326 2421 392 mortui

387 435 578 479 causa
642 412 1012 499 designatus
1071 417 1196 495 est,
1268 414 1440 477 intra
1502 434 1654 496 quos
1713 415 1872 496 fines
1931 415 2257 500 sepultura
2321 420 2423 481 est

384 502 595 568 facta'.
644 540 729 549 —
775 504 942 568 Fest.
986 525 1041 567 v.
1085 503 1476 585 sepulchrum
1509 524 1578 585 p.
1617 502 1765 567 339.

523 590 609 657 21.
661 590 999 656 ‘Sobrinus
1046 592 1186 677 est',
1228 595 1304 656 ut
1350 593 1441 656 ait
1479 589 1700 657 Gallus
1735 591 1980 676 Aelius,
2027 593 2252 678 ‘patris
2289 595 2421 659 mei

333 706 358 746 5
387 681 758 747 consobrini
821 680 995 746 filius
1070 684 1134 745 et
1205 683 1430 747 matris
1503 703 1680 746 meae
1745 682 2163 748 consobrinae
2226 683 2421 748 filius,

385 771 625 836 femina
687 770 891 835 isdem
947 771 1023 834 de
1089 771 1295 835 causis
1361 770 1645 855 appellat
1706 771 1970 835 fratrem
2025 774 2092 835 et
2152 772 2422 837 fratrem

382 860 740 943 patruelem
782 863 847 946 et
892 859 1350 925 consobrinum
1387 863 1453 923 et
1496 860 1764 944 propius
1804 860 2067 925 sobrino
2106 864 2172 924 et
2209 862 2420 926 sobri-

370 948 609 1034 ·num.¹q
673 949 844 1014 idem
892 949 1128 1033 gradus
1168 950 1238 1013 in
1283 948 1547 1013 sobrina
1592 970 1848 1034 quoque
1894 950 2085 1013 sunt’.
2128 987 2209 996 —-
2248 950 2419 1016 Fest.

383 1060 438 1104 v.
483 1038 772 1104 sobrinus
809 1060 873 1120 p.
912 1038 1061 1103 297.

305 1152 358 1192 ιο
519 1128 616 1194 22.
667 1180 679 1191 .
710 1178 723 1191 .
773 1149 964 1211 quam
1011 1125 1118 1213 (se.
1158 1124 1450 1213 stirpem)
1500 1124 1721 1192 Gallus
1762 1127 1987 1193 Aelius
2027 1130 2120 1193 sic
2173 1129 2427 1194 definit:

388 1214 661 1301 ‘Stirps²
720 1221 820 1281 est
877 1219 1092 1301 gentis
1135 1216 1541 1299 propayatio,
1601 1222 1673 1281 ut
1729 1218 1842 1300 qui
1906 1239 1945 1281 a
2002 1238 2261 1301 quoque
2322 1222 2425 1282 est

382 1306 1474 1460 Ρωξὲΐωώακνηωῦιῗφξςιᾉξίίιῗῖᾚῖ
1494 1305 1769 1459 Ῑέοὲἐιξῖε
1816 1391 2130 1459 Tumulus
2176 1401 2271 1460 est
2315 1415 2422 1460 cu-

384 1484 593 1550 mubus
636 1505 865 1549 menae
913 1483 1122 1549 editus
1169 1484 1519 1549 secundum
1557 1505 1732 1548 mare
1769 1484 2076 1549 fluctibus
2113 1485 2184 1549 in
2220 1484 2427 1550 altum

304 1599 354 1638 ιο
384 1574 677 1639 eleuatus.
770 1573 939 1638 unde
1011 1572 1309 1638 similiter
1381 1577 1447 1637 et
1517 1572 1914 1638 manufactus
1976 1579 2032 1638 et
2101 1573 2427 1639 naturalis

386 1664 646 1747 proprie
692 1663 820 1728 dici
865 1666 1096 1748 potest.
1145 1700 1232 1709 —
1276 1663 1444 1727 Fest.
1489 1685 1544 1727 v.
1589 1662 1899 1727 tumultun
1930 1684 2001 1744 p.
2038 1661 2188 1727 355.
2206 1660 2231 1699 ‘⁹’

520 1752 615 1818 23.
661 1750 886 1817 Aelius
936 1750 1156 1818 Gallus
1205 1751 1282 1816 de
1329 1751 1546 1817 uerbis
1593 1750 1673 1815 ad
1715 1753 1817 1816 ius
1866 1752 2056 1837 ciuile
2101 1752 2430 1833 pertinen-

383 1841 560 1906 tibus
607 1841 815 1926 uallos
861 1840 1112 1926 tegulas
1160 1841 1451 1926 grandes,
1499 1862 1662 1925 quae
1709 1862 1903 1925 supra
1949 1839 2236 1905 collicias
2282 1841 2428 1905 infi-

368 1952 524 1995 mae
558 1934 906 2015 ponuntur,
936 1930 1233 2015 appellat.
1263 1966 1354 1976 -—
1380 1928 1549 1995 Serv.
1570 1930 1660 1994 ad
1687 1929 1911 2012 Veryil.
1937 1928 2155 2011 Geor-9.
2190 1929 2248 2012 1,
2273 1930 2427 1995 264.

303 2153 357 2192 20
970 2125 1040 2190 P.
1087 2124 1494 2190 ALFENVS
1544 2123 1839 2189 VARVS

1160 2233 1291 2301 (cos.
1334 2248 1382 2283 a.
1420 2247 1476 2285 u.
1518 2232 1657 2299 715).

1127 2354 1547 2410 DIGESTOR
1560 2355 1693 2408 VM.

516 2465 563 2530 1.
611 2463 885 2529 Alfenus
932 2463 1434 2547 iureconsultus,
1482 2462 1690 2528 Seruii
1738 2461 2009 2547 Sulpicii
2068 2462 2429 2547 discipulus

382 2576 724 2639 rerumque
770 2555 1182 2639 antiquarum
1219 2575 1350 2618 non
1397 2553 1777 2636 incuriosuS,
1823 2554 1892 2617 in
1927 2550 2099 2616 libro
2140 2551 2425 2639 digesto-

303 2669 354 2710 85
381 2665 527 2708 rum
591 2644 917 2710 tricesimo
975 2647 1040 2707 et
1104 2646 1363 2726 quarto,
1429 2642 1987 2708 coniectaneorum
2053 2644 2270 2707 autem
2333 2665 2430 2708 se-

383 2730 635 2812 cundo⁴
681 2731 782 2797 ‘In
825 2732 1123 2815 foedere’‚
1171 2732 1402 2816 inquit,
1452 2730 1649 2814 ‘quod
1677 2731 1863 2796 'inter
1920 2731 2236 2815 populum
2297 2730 2430 2796 Ro-

381 2844 642 2886 manum
689 2826 754 2886 et
803 2820 1364 2906 Carthaginienses
1409 2820 1654 2885 factum
1702 2823 1823 2900 est,
1874 2820 2190 2903 scriptum
2248 2819 2430 2886 inue-

379 2912 584 2996 nitur,
644 2916 718 2976 ut
793 2909 1354 2996 Carthaginienses
1416 2910 1760 2993 quotannis
1818 2909 2062 2992 populo
2123 2907 2426 2976 Romano

383 3001 611 3064 darent
657 3004 904 3064 certum
948 2999 1202 3084 pondus
1248 2999 1502 3083 argenti
1537 2999 1687 3082 puri
1721 3000 1883 3082 puti,
1931 2997 2429 3081 quaesitumque

301 3116 355 3155 30
385 3094 500 3172 est,
563 3089 719 3173 quid
766 3092 938 3153 esset
982 3110 1217 3172 purum
1278 3092 1525 3171 putum.
1600 3087 1950 3171 respondi’‚
1995 3086 2242 3170 inquit,.
2278 3087 2429 3174 ‘ego

528 3265 579 3334 1)
617 3264 842 3319 sobrino
899 3265 956 3318 et
1012 3263 1298 3317 sobrinum
1344 3264 1461 3317 Hu.
1520 3262 1851 3316 consobrino
1907 3264 1967 3317 et
2021 3263 2251 3317 sobrina
2306 3265 2430 3319 eod.

381 3336 714 3389 consobrino
752 3338 869 3391 iam
909 3336 1144 3390 correxit
1180 3335 1549 3404 Augustinus.
1697 3337 1751 3403 2)
1789 3334 1931 3403 stirp
1969 3335 2084 3389 cod.
2235 3337 2289 3402 3)
2326 3337 2434 3391 hoc

378 3408 749 3477 fragmentum
786 3408 946 3462 Aelio
987 3406 1170 3472 Galle,
1205 3422 1319 3459 ‘non
1349 3405 1552 3460 Sffloni
1578 3406 1944 3460 adsmbimus
1968 3407 2140 3461 secuti
2167 3407 2432 3462 Reitzen-

377 3479 639 3534 steinium
678 3479 830 3533 Verr.
861 3478 1088 3533 Forsch.
1130 3494 1184 3545 p.
1206 3481 1290 3531 89.
1439 3478 1493 3543 4)
1530 3478 1597 3544 cf.
1634 3477 1700 3531 de
1745 3477 1959 3547 duplici
1993 3475 2154 3533 titulo
2191 3479 2326 3533 Jors
2361 3481 2433 3534 in

380 3550 596 3620 Pauly·
611 3551 876 3605 Wissowa
905 3549 1245 3619 Realencyel.
1276 3548 1316 3612 1,
1351 3553 1504 3601 1474.
