2650 3917
544 138 645 193 AD
684 139 860 193 GAIV
862 139 923 192 M
958 139 1314 193 PRAEFAT.
1353 138 1701 194 HVSCHKH
1735 139 1848 194 ΕΙ).
1886 140 1926 194 Ι.
2133 140 2258 204 129

206 310 478 369 tutiones
552 308 650 367 vel
720 308 1053 368 Pandectas
1126 312 1401 384 acceptas
1472 309 1716 368 initium
1790 310 1982 368 facere
2056 310 2256 369 vellet.

204 399 408 474 Atqui
451 397 574 456 iam
620 396 843 456 dudum
890 418 960 455 ex
1006 417 1228 472 rerum,
1284 396 1348 455 ni
1409 398 1615 473 fallor,
1673 400 1815 457 actu
1861 399 1937 457 ab
1982 398 2257 477 Augusto

204 491 278 548 in
343 505 575 546 menses
648 488 908 546 aestivos
965 489 1026 545 et
1096 486 1373 546 hibernos
1448 487 1639 547 diviso
1706 480 1901 568 (Suet.
1952 487 2102 566 Aug.
2153 490 2256 547 32.

208 576 425 637 Claud.
475 568 608 655 23),
657 578 761 651 qui
808 577 989 635 etiam
1047 576 1297 636 consilia
1356 576 1787 652 imperatorum
1835 569 2056 657 (Dione
2103 580 2255 638 teste

208 668 322 740 53,
352 668 454 725 21.
497 666 601 737 56,
632 666 732 723 28.
774 666 876 738 60,
906 657 977 745 4)
1026 668 1086 724 et
1130 664 1494 724 rescribendi
1540 685 1689 743 opus
1736 667 2048 726 semestria
2094 667 2253 742 fecit,

204 759 272 816 et
321 775 392 814 ex
436 754 735 814 Labeonis
799 758 942 813 noto
1008 755 1277 831 exemplo
1335 746 1429 835 (L.
1472 757 1508 813 2
1559 754 1598 830 ξ
1638 757 1720 813 47
1771 755 1843 814 D.
1891 756 1963 814 de
2010 774 2093 815 or.
2139 758 2251 815 iur.

208 849 269 919 1,
307 836 376 925 2)
421 846 490 903 in
534 862 711 903 usum
756 846 1028 916 venerat,
1080 846 1150 901 ut
1193 844 1343 902 iuris
1391 862 1627 919 quoque
1675 845 1944 904 studium
1998 864 2106 921 per
2152 865 2254 903 an-

202 953 363 993 nuos
410 951 617 992 cursus
662 931 819 992 binis
869 951 1102 1008 quoque
1151 951 1305 991 anno
1353 934 1552 1008 pensis
1609 933 1924 994 distinctos
1981 934 2252 994 absolve-

201 1026 392 1083 retur.
468 1021 554 1080 Ut
598 1020 788 1099 igitur
826 1042 861 1079 a
904 1022 1146 1081 traditis
1194 1041 1376 1096 quam
1422 1022 1667 1082 minime
1715 1023 2069 1099 deflecteret,
2116 1043 2252 1084 cum

205 1111 675 1172 Institutionum
720 1110 860 1169 libri
905 1112 1140 1188 integro
1188 1130 1344 1170 anno
1391 1130 1511 1171 non
1568 1112 1933 1187 sufficerent,
1994 1112 2250 1188 pruden-

203 1203 441 1261 tissime
491 1199 676 1259 Gaius
731 1200 998 1259 instituit
1061 1199 1448 1276 exemploque
1503 1220 1609 1260 suo
1623 1246 1637 1275 ,
1697 1203 1768 1260 ut
1821 1203 2059 1278 opinor,
2120 1203 2256 1263 aliis

206 1308 456 1368 quoque
505 1290 817 1365 persuasit,
852 1292 923 1348 ut
948 1291 1044 1363 iis,
1074 1308 1225 1365 quae
1259 1293 1403 1348 tunc
1441 1294 1612 1351 erant
1657 1290 1992 1350 studiorum
2040 1292 2256 1368 spatia,

205 1399 403 1440 novus
445 1397 634 1438 annus
674 1378 847 1454 quasi
893 1378 1329 1455 praeficeretur,
1375 1378 1545 1454 isque
1591 1381 1815 1455 partim
1850 1381 2252 1440 Institutioni-

202 1470 325 1529 bus
369 1470 596 1545 partim
643 1470 930 1543 quattuor
974 1467 1145 1526 libris
1192 1467 1595 1546 singularibus
1642 1473 2048 1545 occuparetur.
2139 1470 2252 1529 Sed

206 1560 332 1619 etsi
381 1558 648 1634 placeat,
712 1556 872 1633 quod
936 1557 1141 1615 multis
1200 1575 1270 1615 ex
1335 1557 1529 1616 causis
1592 1558 1915 1617 verisimile
1963 1563 2079 1634 est,
2134 1560 2255 1618 iam

207 1653 360 1708 tunc
406 1650 548 1706 ante
600 1645 860 1704 edictum
921 1645 1217 1722 praetoris
1272 1648 1367 1705 ius
1433 1646 1607 1706 civile
1655 1667 1726 1705 ex
1787 1648 1959 1706 libris
2005 1648 2257 1707 Masurii

207 1736 426 1797 Sabini
482 1736 756 1795 semestri
810 1753 987 1794 cursu
1047 1734 1343 1794 traditum
1407 1754 1558 1811 esse,
1622 1736 1712 1795 ita
1778 1755 2012 1812 quoque
2066 1736 2250 1798 Gaius

205 1827 305 1886 his
353 1825 659 1885 incondite
707 1824 944 1900 scriptis
989 1823 1159 1883 libris
1206 1843 1344 1883 suas
1391 1825 1573 1883 vicini
1621 1827 1960 1903 argumenti
2004 1825 2253 1887 Institu-

203 1919 406 1976 tiones
445 1918 509 1975 et
545 1914 731 1973 libros
769 1914 1101 1992 singulares
1114 1906 1156 1988 ¹,
1195 1912 1407 1973 dehinc
1447 1914 1588 1973 anni
1630 1934 1794 1991 opus,
1834 1915 2213 1993 subrogando
2229 1909 2253 1948 ²

358 2174 409 2242 1)
446 2173 509 2226 In
549 2172 750 2242 vulgus
788 2174 985 2227 notum
1024 2175 1109 2226 est
1145 2172 1204 2225 in
1250 2172 1411 2226 libris
1450 2173 1523 2226 ad
1561 2172 1833 2227 Sabinum
1879 2175 2144 2229 materias
2184 2177 2253 2229 de

205 2243 586 2311 testamentis,
627 2244 695 2297 de
734 2244 937 2314 legatis
967 2245 1057 2314 (de
1085 2261 1272 2297 rerum
1310 2244 1777 2314 acquisitionibus
1808 2248 1866 2300 et
1893 2247 1962 2300 de
2001 2250 2253 2301 contrac—

207 2314 406 2385 tibus),
446 2315 516 2369 de
557 2316 689 2371 dote
727 2318 784 2369 et
821 2316 890 2369 de
926 2315 1122 2369 tutelis
1159 2316 1474 2385 principem
1510 2316 1696 2370 locum
1734 2317 2060 2372 obtinuisse.
2134 2319 2254 2372 Iam

207 2404 345 2441 cum
382 2404 474 2455 ea,
523 2404 667 2454 quae
705 2387 764 2440 in
803 2387 1007 2441 scholis
1045 2386 1336 2457 leguntur,
1384 2404 1509 2441 raro
1548 2387 1762 2442 absolvi
1800 2389 2042 2456 soleant,
2081 2390 2255 2443 etiam

207 2459 316 2513 has
364 2457 632 2512 materias
679 2458 852 2527 solas,
901 2459 1171 2527 quamdiu
1219 2476 1286 2511 ex
1324 2457 1531 2513 Sabino
1577 2458 1665 2513 ius
1712 2458 1876 2514 civile
1922 2461 2253 2530 traderetur,

205 2530 489 2584 tractatas
546 2547 666 2583 esse
720 2546 961 2599 pronum
1007 2531 1081 2584 ad
1136 2530 1572 2584 existimandum
1619 2532 1721 2584 est.
1797 2530 1960 2597 Quod
1998 2532 2046 2585 si
2092 2534 2252 2602 poni-

206 2619 339 2656 mus
353 2645 366 2669 ,
421 2616 566 2655 nova
621 2602 858 2656 docendi
911 2602 1057 2655 ratio
1114 2620 1148 2655 a
1203 2600 1345 2656 Gaio
1398 2601 1663 2656 instituta
1718 2620 1890 2670 quam
1944 2603 2174 2657 minime
2221 2622 2254 2657 a

204 2674 400 2728 vetere
439 2672 682 2741 deflexit,
720 2673 1013 2743 magisque
1052 2672 1104 2726 ei
1142 2673 1367 2726 addidit
1403 2676 1652 2741 tantum,
1688 2674 2078 2728 Institutiones
2117 2693 2247 2729 suas

203 2744 381 2814 quasi
407 2740 708 2812 προοίμιον
737 2743 943 2798 Sabino
963 2747 1132 2815 (nunc
1159 2745 1261 2798 ΙΠΙ
1287 2744 1447 2799 libris
1487 2745 1887 2815 singularibus)
1915 2745 2249 2815 praefigens,

204 2832 387 2885 quam
425 2815 684 2870 detraxit.
832 2818 885 2885 2)
922 2814 1242 2886 Vestigium
1280 2816 1400 2869 eius
1438 2816 1520 2869 rei
1547 2816 1608 2869 in
1638 2832 1702 2870 eo
1741 2833 2072 2886 cognoscere
2110 2817 2252 2870 mihi

201 2888 423 2952 videor,
462 2886 613 2954 quod
648 2889 863 2956 postea,
899 2888 1210 2941 Iustiniano
1238 2887 1300 2940 iu
1329 2889 1504 2942 const.
1536 2886 1772 2941 Omnem
1797 2889 1934 2956 reip.
1965 2895 1995 2954 ξ
2018 2894 2044 2941 1
2086 2891 2248 2956 teste,

198 2959 317 3014 Gai
369 2958 760 3013 Institutiones
807 2961 866 3012 et
906 2960 1175 3028 quattuor
1219 2958 1352 3012 libri
1398 2959 1710 3029 singulares
1752 2960 2251 3013 ‘connumeraban-

201 3030 346 3097 tur’,
385 3029 449 3083 id
487 3031 574 3083 est
608 3047 708 3100 pro
746 3047 857 3085 uno
896 3031 1040 3085 libro
1086 3049 1127 3084 s.
1167 3030 1449 3085 volumine
1507 3030 1861 3085 habebantur
1915 3031 2104 3100 (sicuti
2155 3031 2253 3086 Sa-

201 3102 332 3156 bini
372 3117 515 3171 opus
571 3101 773 3171 fuerat)
830 3101 1047 3156 scilicet
1084 3118 1151 3156 ex
1188 3120 1283 3156 sex
1335 3102 1477 3168 illis,
1534 3117 1672 3171 quos
1710 3104 1834 3155 tum
1872 3119 1938 3155 ex
1993 3102 2252 3157 universa

203 3172 674 3242 iurisprudentia,
733 3174 900 3241 ‘quae
939 3174 996 3226 in
1044 3172 1314 3227 librorum
1361 3174 1473 3227 duo
1518 3173 1677 3226 milia
1732 3173 2178 3241 extendebatur',
2219 3193 2253 3228 a

205 3261 343 3299 voce
381 3243 659 3326 magistra
700 3245 941 3299 studiosi
987 3245 1343 3315 accipiebant
1386 3245 1579 3315 (ceteri
1627 3244 1777 3298 enim
1824 3245 2071 3314 quinque
2119 3245 2252 3299 libri

209 3318 373 3370 erant
407 3332 612 3386 pnma,
651 3316 914 3383 secunda,
952 3316 1120 3370 tertia
1154 3332 1288 3386 pars
1326 3316 1518 3384 edicti,
1554 3332 1821 3386 responsa
1857 3315 2157 3386 Papiniani
2196 3321 2254 3372 et

211 3386 433 3457 Paulli).
512 3385 814 3441 Manifesto
853 3404 1032 3441 errore
1070 3405 1220 3442 nunc
1265 3387 1521 3457 plerique
1561 3405 1656 3441 sex
1701 3386 1874 3442 libros
1912 3387 2040 3442 illos
2086 3389 2254 3442 intel-

212 3456 398 3540 ligunt
436 3459 580 3512 duos
620 3460 709 3528 (ex
745 3460 1031 3529 quattuor)
1061 3458 1189 3513 Gaii
1216 3459 1644 3514 Institutionum
1682 3460 1740 3511 et
1776 3461 2043 3528 quattuor
2079 3459 2251 3514 libros

509 3548 552 3585 s.

319 3629 536 3672 Imm.
565 3638 728 3670 urst.
756 3638 835 3669 nn.
864 3629 1333 3673 Seokel-Kubler.
1360 3629 1401 3670 1.
1901 3626 1932 3674 9
