2650 3917
368 123 407 194 8
979 132 1038 187 Ρ.
1077 133 1188 188 MV
1190 132 1349 188 clvs
1386 131 1777 190 SGAEVOLA.

364 299 539 360 tecto
586 296 654 360 in
702 296 836 361 eius
883 296 1086 379 aedes,
1134 298 1246 381 qui
1290 298 1694 381 protexisset,
1745 320 1911 382 aqua
1957 299 2279 382 deflueret,
2325 300 2393 364 id

363 384 487 448 tibi
533 385 635 449 ius
682 382 933 450 uideri.¹
976 422 1065 432 —
1113 384 1237 451 Cic.
1284 392 1403 468 top.
1440 386 1501 470 4,
1540 387 1641 451 24.

497 474 554 538 2.
604 473 671 539 C.
711 472 962 539 Caelius
1024 475 1217 540 iudex
1280 475 1564 540 absoluit
1618 476 1992 541 iniuriarum
2049 500 2222 560 eum,
2279 478 2393 561 qui

362 561 685 628 Lucilium
728 568 985 649 poetam
1032 564 1102 628 in
1148 585 1338 628 scena
1380 564 1763 629 nominatim
1807 567 2103 631 laeserat:
2150 565 2221 631 P.
2250 565 2394 631 Mu-

310 677 332 716 5
364 653 498 716 cius
545 674 718 736 eum,
785 653 899 737 qui
943 652 1012 716 L.
1052 651 1318 717 Accium
1385 657 1644 737 poetam
1706 656 2178 739 nominauerat,
2243 677 2393 721 con-

363 740 733 806 demnauit?
780 780 864 788 ——
911 742 1093 806 Auct.
1140 742 1230 807 ad
1272 743 1548 808 Herenn.
1587 743 1648 825 2,
1686 743 1746 828 3,
1788 744 1888 807 19.

494 829 547 897 3.
595 829 848 896 Placuit
892 829 962 895 P.
993 828 1340 897 Scaeuolae
1376 835 1443 895 et
1478 831 1571 896 Ti.
1605 830 2022 917 CoruncaniO,
2068 833 2394 918 pontifici-

360 919 480 984 bus
526 920 843 1004 maximis,
879 920 1162 1006 itemque
1202 920 1430 986 ceteris
1469 942 1597 999 eos,
1636 923 1747 1005 qui
1792 922 2172 986 tantundem
2210 944 2394 1008 cape-

358 1012 520 1092 rent,
549 1012 861 1093 quantum
898 1030 1119 1075 omnes
1155 1009 1438 1088 heredes,
1468 1010 1664 1075 sacris
1692 1009 1961 1095 alligari.
2053 1010 2260 1076 habeo
2288 1015 2393 1079 ius

281 1122 331 1162 ιο
358 1098 779 1181 pontificium.
873 1098 1028 1182 quid
1071 1098 1202 1164 huc
1256 1099 1527 1164 accessit
1573 1120 1651 1163 ex
1706 1099 1844 1164 iure
1909 1099 2131 1164 ciuili?
2194 1105 2393 1185 parti-

358 1186 554 1251 tionis
603 1192 797 1272 caput
843 1187 1158 1273 scriptum
1206 1193 1419 1272 caute,
1473 1192 1549 1253 ut
1596 1191 1853 1253 centum
1900 1191 2150 1256 nummi
2196 1190 2394 1255 dedu-

359 1280 677 1341 cerentur:
723 1276 988 1341 inuenta
1033 1281 1131 1342 est
1175 1279 1362 1361 rati0,
1409 1299 1521 1341 cur
1566 1278 1839 1361 pecunia
1885 1299 2212 1343 sacrorum
2258 1302 2391 1345 mo-

357 1365 545 1429 lestia
625 1364 1022 1431 liberaretur.
1116 1366 1270 1451 quid
1346 1364 1440 1430 si3
1502 1366 1653 1450 hoc,
1736 1367 1847 1450 qui
1929 1370 2392 1445 testamentum

355 1452 651 1538 faciebat,
697 1476 922 1520 cauere
966 1456 1326 1521 noluisset?
1375 1456 1678 1520 admonet
1722 1455 1880 1521 iuris
1918 1457 2253 1522 consultus
2281 1458 2394 1522 hic

274 1568 325 1608 15
355 1544 614 1627 quidem
661 1546 798 1629 ipse
845 1544 1126 1628 Mucius,
1178 1545 1473 1629 pontifex
1519 1544 1713 1628 idem,
1759 1548 1833 1608 ut
1886 1545 2101 1610 minus
2158 1547 2393 1632 capiat,

356 1654 547 1717 quam
586 1633 884 1698 omnibus
932 1634 1276 1699 heredibus
1322 1633 1749 1718 relinquatur:
1797 1632 2028 1717 supra*
2073 1635 2393 1723 dicebant,

355 1722 663 1807 quicquid
725 1723 1018 1808 cepisset,
1075 1723 1418 1808 adstringi:
1482 1745 1704 1787 rursus
1752 1724 1948 1788 sacris
2013 1723 2391 1791 liberantur.

351 1810 478 1876 hoc
530 1834 688 1877 uero
734 1811 902 1878 nihil
957 1813 1036 1877 ad
1094 1812 1503 1895 pontificium
1564 1812 1684 1895 ius,
1744 1808 1876 1876 set⁵
1933 1834 1968 1876 e
2029 1813 2242 1879 medio
2291 1820 2394 1881 est

353 1901 491 1965 iure
552 1901 751 1985 ciuili,
809 1906 884 1966 ut
927 1924 1044 1987 per
1089 1923 1195 1966 aes
1243 1906 1307 1966 et
1365 1902 1598 1966 libram
1655 1901 1954 1965 heredem
2013 1905 2393 1969 testamenti

271 2015 323 2054 πο
352 1992 612 2056 soluant
649 1995 713 2057 et
760 1992 983 2056 eodem
1030 1992 1177 2057 loco
1214 2012 1316 2055 res
1365 1990 1470 2075 sit,
1516 1989 1698 2076 quasi
1737 2012 1812 2054 ea
1855 1992 2129 2075 pecunia
2173 1992 2393 2079 legata

350 2100 483 2144 non
530 2085 727 2165 esset,
792 2080 848 2145 si
903 2080 984 2163 is,
1049 2080 1154 2144 cui
1217 2080 1506 2166 legatum
1571 2082 1695 2163 est,
1760 2078 2111 2163 stipulatus
2167 2084 2266 2146 est
2321 2083 2392 2147 id

351 2169 584 2252 ipsum,
631 2170 805 2255 quod
840 2170 1129 2255 legatum
1168 2173 1282 2253 est,
1317 2172 1392 2233 ut
1430 2190 1505 2232 ea
1540 2167 1814 2252 pecunia
1851 2190 1930 2232 ex
1967 2168 2393 2253 stipulatione

351 2257 675 2341 debeatur,
713 2259 924 2344 sitque
962 2280 1038 2323 ea
1072 2280 1204 2322 non
1250 2259 1468 2324 mortis
1513 2278 1706 2322 causa
1750 2264 1948 2339 capta.
1963 2256 1988 2295 ⁶
2024 2296 2109 2305 —
2153 2258 2278 2324 Cic.
2314 2262 2395 2326 de

352 2347 460 2430 leq.
500 2348 560 2432 2,
599 2348 704 2432 21,
742 2347 844 2412 52.
886 2348 989 2412 53.

270 2462 321 2501 25
484 2438 543 2502 4.
591 2435 820 2522 Itaque
884 2437 955 2500 in
1010 2458 1104 2520 eo,
1171 2434 1281 2519 qui
1344 2435 1412 2498 in
1455 2457 1621 2499 naue
1683 2439 1975 2517 necatuS,
2042 2436 2272 2501 deinde
2318 2437 2393 2502 in

350 2548 526 2589 mare
572 2526 901 2610 proiectus
947 2528 1132 2607 esset,
1181 2524 1466 2589 decreuit
1510 2522 1580 2587 P.
1620 2522 1874 2588 Mucius
1918 2524 2235 2590 familiam
2272 2548 2393 2611 pu-

349 2636 503 2699 ram,
534 2616 707 2699 quod
746 2637 818 2679 os
857 2637 1051 2699 supra
1086 2619 1325 2679 terram
1363 2635 1496 2678 non
1544 2617 1808 2697 extaret,
1855 2635 2119 2696 porcam
2164 2615 2394 2682 heredi

349 2725 487 2768 esse
535 2708 948 2788 contractam,
995 2707 1061 2768 et
1105 2702 1431 2767 habendas
1476 2701 1765 2765 triduum
1824 2702 2019 2766 ferias
2067 2707 2133 2768 et
2186 2724 2391 2787 porco

347 2794 589 2857 femina
615 2793 943 2877 piaculum
981 2790 1165 2878 pati.⁷
1239 2795 1294 2856 si
1322 2793 1392 2856 in
1419 2791 1584 2855 mari
1613 2794 1908 2855 mortuus
1937 2796 2124 2876 esset,
2163 2794 2396 2861 eadem

271 2907 324 2947 so
351 2887 607 2967 praeter
651 2882 979 2968 piaculum
1028 2886 1095 2946 et
1137 2881 1348 2946 ferias.
1398 2919 1481 2927 —
1536 2880 1660 2945 Cic.
1709 2881 1784 2945 de
1827 2880 1935 2963 leq.
1976 2881 2037 2965 2,
2074 2882 2179 2965 22,
2218 2883 2323 2949 57.

486 2972 540 3038 5.
588 2970 656 3035 P.
700 2971 1009 3036 Scaeuola
1063 2971 1361 3054 pontifex
1422 2969 1740 3033 maximus
1795 2991 1913 3053 pro
1971 2971 2245 3056 collegio
2293 2996 2401 3039 re-

349 3061 641 3145 spondit:
674 3060 872 3145 ‘quod
909 3061 978 3124 in
1015 3059 1159 3124 loco
1197 3059 1460 3143 publico
1489 3058 1756 3142 Licinia,
1788 3057 1904 3124 Gai
1941 3059 2096 3143 filia,
2132 3060 2399 3129 iniussu

491 3309 542 3377 1)
581 3310 651 3375 cf.
684 3309 741 3363 Ο.
772 3309 822 3361 Ι.
853 3307 921 3360 L.
953 3305 1028 3359 IX
1069 3310 1208 3358 4225
1238 3331 1306 3350 --
1336 3306 1559 3359 Dessaw
1597 3308 1753 3359 6015.
1920 3306 1972 3388 2)
2011 3306 2082 3373 cf.
2125 3307 2399 3367 Huschke

347 3378 576 3433 ‘Gaius’
627 3397 687 3448 p.
732 3384 849 3432 138.
894 3383 1012 3432 162.
1199 3379 1250 3446 3)
1290 3376 1427 3444 quid
1486 3375 1533 3429 si
1590 3375 1744 3430 codd.
1802 3392 1968 3445 quasi
2017 3377 2241 3432 Vahlen.

345 3453 398 3520 4)
436 3466 606 3520 supra
651 3452 949 3505 Turnebus.
1010 3465 1180 3516 super
1215 3448 1368 3503 codd.
1516 3449 1570 3516 ὅ)
1610 3449 1696 3500 set
1734 3448 1924 3502 Halm.
1965 3450 2024 3502 et
2059 3450 2213 3503 codd.

345 3525 397 3592 6)
433 3522 705 3592 supplevit
741 3523 858 3577 Hu.
1008 3523 1059 3590 7)
1099 3519 1221 3573 dari
1260 3521 1378 3574 Ha.
