2650 3917
949 161 1075 217 GAI
1111 163 1368 220 INSTIT.
1407 162 1484 217 IV
1522 168 1676 217 5-9.
2197 164 2328 229 333

299 325 473 410 quod
516 329 811 391 nostrum
872 329 996 410 est,
1051 326 1240 392 nobis
1287 325 1427 392 dari
1471 330 1715 412 potest,
1770 347 1916 392 cum
1973 326 2219 393 scilicet
2263 327 2330 393 id

298 415 436 481 dari
484 416 672 481 nobis
735 415 1176 502 intellegatur,
1232 416 1406 501 quod
1469 418 1565 483 ita
1627 417 1842 497 dabwr,
1903 423 1976 483 at
2035 422 2328 482 nostrum

293 505 437 591 fiat3
481 526 600 570 nec
635 526 757 588 res,
804 526 968 590 quae
1012 511 1228 571 nostra
1271 508 1407 571 iam
1444 512 1548 586 est,
1593 510 1818 571 nostra
1865 507 2142 591 amplius
2187 507 2331 571 fieri

294 597 528 678 potest.
618 593 810 679 plane
846 595 993 661 odio
1033 595 1267 680 furum,
1307 616 1439 679 quo
1486 596 1696 682 magis
1732 594 2029 679 pluribus
2066 595 2332 661 actioni-

296 684 416 748 bus
462 686 857 766 teneantur1,
903 688 1232 767 receptum
1279 688 1404 770 est,
1462 688 1537 749 ut
1583 689 1767 750 extra
1819 706 2093 770 poenam
2149 683 2331 768 dupli

296 776 410 838 aut
458 772 800 858 quadrupli
839 776 932 839 rei
977 773 1378 859 recipiendae
1422 775 1684 839 nomine
1719 774 1895 839 fures
1933 771 2166 841 etiam²
2210 774 2330 841 hac

296 864 547 929 actione
610 866 976 928 teneantur:
1051 879 1113 928 sl
1179 880 1407 928 PARET
1473 879 1602 928 Eos
1676 881 1865 929 DARE
1940 880 2330 947 oposs'mnn,

296 953 592 1036 quamuis
640 952 726 1016 sit
771 953 966 1017 etiam
1024 952 1330 1018 aduersus
1386 974 1494 1018 eos
1551 952 1711 1018 haec
1766 953 1965 1038 actio,
2021 975 2148 1038 qua
2192 974 2328 1018 rem

292 1044 580 1106 nostram
629 1062 767 1106 esse
821 1042 1118 1125 petimus
1210 1041 1265 1107 5.
1312 1040 1745 1127 Appellantur
1799 1046 2011 1109 autem
2069 1042 2137 1107 in
2192 1064 2326 1107 rem

296 1130 552 1215 quidem
602 1130 888 1195 actiones
926 1131 1417 1216 uindicationes,
1454 1131 1522 1195 in
1560 1152 1897 1216 personam
1940 1153 2094 1197 uero
2133 1131 2329 1197 actio-

292 1238 434 1305 nes,
497 1221 732 1305 quibus
795 1218 970 1286 dari⁸
1031 1221 1255 1286 fieriue
1319 1225 1618 1305 oportere
1688 1221 2107 1306 intendimus,
2182 1242 2329 1286 con-

187 1323 198 1332 ·
294 1309 625 1375 dictiones,

429 1398 483 1464 6.
528 1397 806 1484 Agimus
852 1403 1066 1465 autem
1130 1399 1484 1483 interdum,
1548 1404 1621 1465 ut
1665 1422 1801 1466 rem
1861 1404 2117 1466 tantum
2163 1396 2330 1488 con!-

294 1510 666 1573 sequamur,
717 1488 1039 1554 interdum
1084 1492 1159 1553 ut
1202 1510 1477 1573 poenam
1530 1493 1783 1554 tantum
1796 1539 1815 1574 ,
1869 1489 2029 1555 alias
2075 1494 2150 1555 ut
2195 1511 2326 1554 rem

295 1581 358 1641 et
405 1599 694 1661 poenam.
787 1577 840 1643 7.
889 1576 1050 1642 Rem
1094 1581 1349 1643 tantum
1406 1579 1850 1663 persequimur
1907 1582 2089 1645 uelut
2135 1579 2330 1644 actio-

292 1667 512 1751 nibus,
575 1665 834 1751 quibus*
880 1688 958 1731 ex
1016 1670 1353 1732 contractu
1400 1669 1666 1752 agimus.
1759 1668 1813 1734 8.
1860 1668 2145 1734 Poenam
2191 1672 2329 1733 tan·

291 1760 433 1821 tum
478 1752 960 1841 persequimur⁶
1006 1754 1187 1820 uelut
1232 1758 1485 1822 actione
1529 1756 1688 1821 furti
1726 1761 1790 1822 et
1836 1758 2217 1823 iniuriarum
2264 1761 2329 1821 et

294 1845 646 1911 secundum
694 1845 1097 1929 quorundam
1148 1845 1521 1930 opinionem
1578 1847 1828 1912 actione
1887 1847 1956 1911 ui
2011 1848 2329 1912 bonorum

291 1939 656 2021 raptorum3
718 1956 869 1999 nam
933 1935 1136 2020 ipsius
1192 1934 1287 2000 rei
1345 1939 1410 2000 et
1471 1935 1824 2001 uindicatio
1881 1939 1945 2000 et
2009 1935 2328 2001 condictio

292 2024 481 2090 nobis
529 2025 840 2109 conpetit..
925 2024 980 2090 9.
1028 2024 1191 2090 Rem
1236 2046 1395 2090 uero
1441 2028 1508 2089 et
1551 2047 1825 2109 poenam
1883 2025 2330 2110 persequimur

292 2115 475 2180 uelut
521 2136 598 2179 ex
644 2114 748 2180 his
794 2115 1022 2198 causis,
1068 2135 1146 2179 ex
1192 2115 1428 2199 quibus
1476 2114 1784 2180 aduersus
1828 2116 2216 2180 infitiantem
2262 2116 2330 2178 in

440 2347 493 2415 1)
529 2348 764 2401 teneant
798 2342 867 2400 V.
1084 2347 1137 2416 2)
1176 2345 1352 2399 etiam
1395 2345 1536 2400 Inst.
1594 2361 1661 2399 ex
1708 2343 1775 2399 V.
1993 2346 2045 2414 3)
2086 2343 2221 2398 dare
2262 2343 2328 2399 V.

294 2418 349 2487 4)
388 2418 517 2472 add.
557 2418 899 2474 Lachmann.
1046 2418 1097 2488 5)
1137 2415 1531 2485 consequimur
1564 2416 1632 2471 V.

438 2637 469 2697 5
507 2637 581 2758 5&
597 2658 664 2678 =
693 2633 743 2686 I.
780 2637 834 2701 4,
897 2636 1028 2697 15.
1097 2634 1167 2699 cf.
1205 2648 1379 2702 supra
1415 2636 1466 2699 3,
1498 2638 1581 2686 91.
1648 2632 1724 2685 D.
1764 2636 1851 2699 44,
1883 2636 1931 2698 7,
1962 2637 2132 2701 25pr.
2172 2632 2328 2702 (Ulff

294 2704 473 2773 2888)
630 2707 779 2771 54
800 2704 927 2772 (5)
959 2709 987 2757 1
1029 2704 1102 2772 (a
1142 2704 1284 2772 258).

440 2781 470 2840 ξ
511 2703 581 2828 &G
579 2709 681 2843 ct82
705 2774 756 2828 Ι.
796 2781 845 2841 4,
877 2779 926 2841 6,
958 2779 1041 2828 16.

437 2851 468 2912 g
508 2852 557 2900 7.
612 2847 682 2914 cf.
721 2846 771 2899 Ι.
807 2851 859 2913 4,
892 2816 941 2913 6’,
974 2850 1056 2900 1⁷.
1113 2847 1190 2903 D.
1228 2851 1315 2914 44,
1348 2851 1396 2914 τ,
1426 2851 1495 2900 35
1505 2864 1597 2916 pr.
1637 2848 1825 2916 (Paul.
1865 2848 1971 2917 84).

437 2923 468 2983 8
507 2922 556 2971 8.
612 2917 683 2984 cf.
722 2919 772 2972 Ι.
811 2887 863 2984 4,
893 2887 942 2984 6’
976 2921 1067 2983 18,
1110 2923 1191 2972 19.
1232 2923 1282 2984 4,
1314 2923 1449 2988 spr.
1487 2935 1664 2987 supra
1702 2923 1751 2986 8,
1781 2923 1902 2972 809.
1965 2919 2040 2973 D.
2079 2923 2210 2985 4,2,
2244 2923 2326 2984 14,

296 2993 364 3044 10
402 2989 554 3059 (Uzp.
586 2991 724 3057 378).
782 2958 949 3129 47ζ)8’,
979 2995 1027 3055 8,
1054 2959 1125 3042 ’86
1165 2989 1317 3058 (mp.
1351 2992 1525 3059 1888).
1585 2995 1670 3057 89,
1698 2993 1750 3056 4,
1781 2994 1830 3056 9,
1861 2995 1892 3042 5
1932 2989 2119 3058 (Paul.
2150 2991 2326 3059 2086).

296 3062 354 3117 C.
396 3066 445 3128 9,
475 3065 561 3130 38,
594 3066 620 3113 1
683 3078 735 3115 a.
776 3065 878 3114 242

431 3103 561 3198 ⁹59.
610 3062 682 3201 cf(
719 3133 877 3200 infra
923 3136 973 3198 4,
1006 3136 1124 3185 171.
1199 3133 1367 3187 Paul.
1410 3137 1458 3199 1,
1491 3136 1575 3200 19,
1607 3137 1654 3185 1.
1709 3132 1760 3185 Ι.
1799 3138 1930 3199 4,6,
1963 3136 2045 3186 19.
2114 3132 2223 3187 Cic.
2263 3133 2328 3187 de

293 3204 386 3271 off.
426 3210 476 3272 3,
507 3209 592 3269 16,
622 3208 706 3257 65.
764 3204 1045 3257 actionem
1081 3203 1345 3286 iudicati]
1380 3204 1451 3271 cf.
1492 3205 1566 3259 D.
1605 3209 1691 3272 42,
1723 3209 1771 3270 1,
1802 3210 1851 3270 6,
1882 3209 1913 3258 8
1953 3203 2109 3274 (Uzp.
2153 3205 2327 3273 1456).

296 3275 407 3331 Cic.
454 3292 516 3344 p.
553 3275 741 3330 Flacc.
782 3280 867 3343 21,
898 3270 983 3328 49.
1060 3274 1318 3346 depensi]
1374 3277 1444 3344 cf.
1489 3292 1665 3345 supra
1717 3281 1766 3342 3,
1800 3281 1919 3330 127.
1993 3274 2189 3329 damni
2242 3276 2326 3328 in-

292 3345 496 3418 iuriae]
541 3348 611 3414 cf.
657 3363 831 3416 supra
868 3351 918 3414 3,
949 3351 1069 3400 210.
1146 3348 1221 3402 D.
1263 3353 1311 3413 9,
1343 3353 1394 3414 2,
1424 3353 1473 3413 2,
1507 3352 1534 3400 1
1580 3346 1732 3417 (Gai.
1774 3348 1914 3416 1.83)
1982 3352 2030 3412 9,
2062 3352 2111 3413 2,
2142 3352 2327 3472 231,140

294 3417 447 3488 (mp.
488 3420 627 3488 617).
686 3423 736 3485 9,
767 3423 815 3485 8,
848 3424 896 3485 1,
925 3425 959 3473 4
998 3420 1151 3488 (Ulp.
1191 3421 1335 3488 685).
1411 3388 1473 3474 α’
1508 3423 1558 3485 8,
1589 3423 1674 3485 85,
1704 3423 1753 3472 4.
1795 3423 1826 3472 5
1876 3421 1948 3488 (a.
1988 3388 2129 3488 898).

295 3494 345 3557 6,
374 3495 470 3556 233
510 3495 595 3544 26.
669 3460 815 3546 Novi
853 3460 938 3558 18,
967 3494 1016 3544 8.
1075 3491 1196 3545 Lex
1234 3492 1391 3547 Rom.
1431 3490 1607 3562 Bury.
1650 3495 1734 3557 14,
1764 3495 1813 3545 8.
1853 3496 1938 3544 29.
2012 3489 2327 3560 legatorum

293 3560 544 3632 nomine]
580 3562 651 3628 cf.
687 3578 861 3632 supra
898 3567 947 3629 2,
978 3567 1098 3616 282.

2370 1503 2472 1555 190
