2650 3917
917 159 1223 215 LAELIVS
1260 159 1490 214 FELIX.
2135 159 2224 224 95

179 324 492 412 gionibus
555 327 620 387 et
676 324 864 408 loeis,
921 322 1183 388 tributa.
1275 322 1632 388 centuriata
1690 328 1902 388 autem
1964 323 2223 388 comitia

178 417 351 479 intra
395 414 760 516 pomerium
808 412 948 477 fieri
991 412 1173 478 nefas
1221 433 1386 497 esse,
1433 413 1584 496 quia
1637 412 1987 477 exereitum
2043 416 2223 477 extra

180 503 406 568 urbem
452 503 757 586 imperari
805 505 1118 586 oporteat,
1162 502 1335 566 intra
1363 500 1590 566 urbem
1627 503 1931 586 imperari
1959 502 2060 566 ius
2088 523 2222 566 non

182 595 281 657 sit.
374 596 720 677 propterea
803 591 1161 656 centuriata
1231 592 1301 657 in
1385 613 1609 676 eampo
1681 590 1919 656 Martio
1993 591 2219 655 haberi

180 682 664 765 exercitumque
701 681 1004 766 imperari
1031 679 1337 764 praesidii
1365 701 1555 745 eausa
1591 680 1873 764 solitum,
1913 682 2218 764 quoniam
2274 711 2301 751 5

175 771 678 943 ῗὲξιὲἷεὸθεεεὴ
722 771 790 834 ιιι
838 770 1164 859 suffragiis
1210 770 1489 834 ferendis
1538 773 1905 854 occupatus.
1937 807 2028 815 —
2061 768 2217 834 Gell

311 1037 371 1102 4.
420 1034 513 1124 (?)
541 1036 894 1101 Libertinis
939 1058 1097 1102 uero
1133 1037 1315 1102 nullo
1355 1038 1495 1101 iure
1531 1038 1630 1100 uti
1673 1037 2023 1121 praetextis
2069 1035 2217 1100 lice-

173 1126 293 1190 bat
334 1147 411 1191 ao
455 1126 663 1190 multo
701 1127 922 1191 minus
962 1126 1337 1211 peregrinis,
1375 1125 1610 1210 quibus
1648 1124 1828 1189 nulla
1863 1129 2031 1189 esset
2067 1145 2213 1189 eum

170 1214 489 1280 Romanis
535 1215 958 1280 necessitudo
1050 1216 1163 1280 sed
1197 1219 1425 1300 postea
1468 1214 1920 1279 libertinorum
1959 1235 2214 1298 quoque
2243 1245 2296 1285 10

172 1304 332 1370 filiis
395 1308 730 1389 praetexta
794 1324 1096 1369 concessa
1143 1309 1242 1369 est
1291 1327 1372 1368 ex
1436 1325 1626 1368 eausa
1689 1303 1824 1387 tali,
1889 1325 2081 1388 quam
2127 1302 2212 1368 M.

170 1394 435 1459 Laelius
491 1391 733 1480 augur¹
779 1394 991 1458 refert.
1085 1395 1198 1478 qui
1242 1392 1416 1458 bello
1476 1392 1722 1458 Punico
1784 1393 2062 1481 seeundo
2110 1393 2215 1457 de-

172 1485 496 1548 cemuiros
510 1480 535 1520 ²
599 1482 758 1546 dicit
819 1505 898 1547 ex
971 1487 1229 1548 senatus
1305 1481 1600 1547 consulto
1672 1485 1940 1567 propter
2011 1482 2215 1546 multa

169 1572 478 1659 prodigia
523 1570 727 1638 libros
765 1570 1122 1655 Sibyllinos
1169 1571 1401 1637 adiisse
1443 1575 1509 1636 et
1552 1572 1859 1655 inspeetis
1905 1571 2008 1636 his
2055 1594 2214 1636 nun-

169 1663 372 1727 tiasse
428 1663 498 1726 ιιι
555 1658 878 1746 Capitolio
935 1661 1434 1747 supplicandum
1488 1661 2080 1744 lectisterniumque
2135 1683 2214 1724 ex
2242 1691 2296 1731 15

170 1750 429 1815 conlata
467 1752 634 1835 stipe
678 1750 1061 1834 faciendum,
1097 1751 1189 1827 ita
1223 1753 1299 1814 ut
1343 1750 1682 1815 libertinae
1729 1772 2005 1834 quoque,
2050 1771 2213 1833 quae

170 1841 372 1926 longa
427 1844 610 1905 ueste
668 1843 1029 1923 uterentur,
1093 1840 1164 1904 in
1208 1861 1350 1904 eam
1395 1862 1529 1904 rem
1587 1839 1925 1923 pecuniam
1973 1839 2210 1903 submi-

173 1930 540 1994 nistrarent.
633 1932 774 1993 aeta
822 1928 1022 2015 igitur
1073 1929 1431 1994 obsecratio
1489 1932 1585 1992 est
1639 1930 1857 2013 pueris
1912 1928 2209 2013 ingenuis

173 2018 456 2102 itemque
521 2017 862 2101 libertinis,
926 2019 1036 2083 sed
1083 2022 1148 2082 et
1209 2017 1577 2102 uirginibus
1641 2018 1935 2101 patrimis
1995 2018 2211 2081 matri-

167 2109 261 2260 1¹3?
264 2107 1056 2280 ⁸fl'ssZ1-ffiffiffissffiffi
1118 2126 1441 2280 ffimegffl
1484 2129 1576 2259 ἒξ
1628 2127 2212 2261 ἓὲἓιθοοῇἶῖέἓῗὲ
2238 2137 2296 2176 ’⁰

1248 2247 1264 2277 5

167 2285 653 2351 matrefamilias
690 2286 828 2350 nati
872 2286 1163 2369 fuissent,
1208 2289 1429 2370 togam
1464 2288 1860 2370 praetextam
1899 2289 1963 2349 et
1997 2286 2208 2349 lorum

163 2376 236 2438 in
286 2373 456 2440 eollo
501 2397 620 2459 pro
668 2374 882 2439 bullae
929 2375 1156 2439 decore
1214 2377 1556 2461 gestarent.
1615 2412 1698 2420 —
1747 2375 2030 2440 Maerob.
2078 2374 2209 2440 Sat.

169 2464 230 2547 1,
272 2463 333 2547 6,
375 2464 475 2528 13.

312 2660 367 2728 1)
409 2656 656 2712 ‘minime
708 2657 947 2726 spondeo
993 2658 1141 2712 hum·
1193 2657 1422 2711 eumdem
1471 2658 1629 2711 illum
1668 2657 1926 2712 Laelium
1972 2658 2211 2713 Felicem

154 2731 369 2796 suabe&
425 2734 808 2799 armamentum
844 2736 1027 2783 tamen
1060 2729 1238 2783 simile
1274 2735 1354 2782 est
1388 2735 1439 2782 et
1474 2728 1720 2794 Laelius,
1773 2746 1810 2782 a
1845 2729 1888 2781 I
1885 2729 2000 2784 Otus
2026 2736 2205 2814 poste-

157 2801 412 2856 rioribus
446 2817 511 2853 m
548 2801 670 2854 iure
705 2799 860 2854 civili
891 2801 1051 2855 semel
1085 2806 1305 2855 toentwm
1340 2800 1423 2854 vel
1460 2801 1542 2854 bis
1577 2801 1804 2866 citatus,
1851 2802 2028 2870 mayis
2063 2802 2211 2855 iuris

146 2872 377 2942 publici
411 2873 496 2926 vel
548 2872 700 2926 sacri
751 2873 1180 2940 antiquitatibus
1233 2888 1454 2939 operam
1508 2872 1716 2926 dedisse
1761 2871 1990 2926 videtm.
2066 2874 2205 2926 eius·

156 2945 290 2998 dem
327 2943 519 2998 Laelii
553 2959 620 2997 ex
654 2959 777 2997 mes.
818 2943 1083 2998 librorum
1117 2943 1224 3009 fide
1251 2944 1433 3011 possit
1467 2943 1633 2997 etiam
1669 2958 1801 3008 esse,
1835 2944 1980 3011 quod
2014 2959 2209 3012 supra,

156 3014 594 3070 Ladamannmn
656 3030 772 3068 nou
826 3016 944 3068 sine
1006 3015 1350 3068 dubitatione
1411 3015 1596 3079 secuti,
1657 3013 1712 3069 O.
1762 3013 1920 3068 Aelio
1972 3014 2135 3070 Gallo
2174 3020 2204 3067 6

155 3092 356 3155 (supra
400 3101 455 3153 p.
485 3087 575 3153 38)
631 3085 925 3140 tribuimus
977 3086 1361 3157 frayme‘ntwm.
1436 3086 1606 3140 multo
1660 3087 1972 3154 antiquiore
2007 3093 2108 3152 est,
2144 3093 2213 3141 ut

155 3159 228 3212 L.
261 3157 492 3211 Aelium
527 3156 792 3212 Stilonem
827 3163 1059 3223 taceam,
1097 3157 1174 3211 ad
1211 3173 1367 3225 quem
1403 3158 1567 3211 etiam
1607 3157 1923 3223 referendus
1959 3158 2109 3212 Plin.
2147 3175 2205 3210 n.

151 3230 207 3284 h.
243 3234 331 3293 14
361 3232 432 3282 93
460 3228 683 3298 (Capito
712 3231 779 3279 2⁷
817 3244 990 3296 supra
1017 3246 1078 3298 p.
1112 3231 1217 3297 70),
1258 3227 1315 3283 0.
1347 3227 1557 3293 Aelius,
1596 3230 1755 3282 cuius
1790 3229 1945 3297 apud
1981 3230 2211 3284 festum

153 3301 437 3370 quaedam
471 3306 667 3354 extant
710 3315 778 3352 ex
813 3301 1060 3354 oratioue
1104 3299 1458 3369 fraymenta’.
1499 3299 1616 3353 Hu.
1764 3300 1817 3366 2)
1858 3298 2209 3354 decemuiros

155 3374 290 3427 Ian.
356 3370 691 3424 duumuiros
729 3371 883 3425 codd.
