2650 3917
877 734 979 799 TI.
1032 734 1659 801 OORVNOANIVS

658 841 792 909 (cos.
823 856 872 894 a.
902 858 956 894 u.
987 846 1109 896 474.
1149 840 1295 895 obiit
1334 842 1483 895 circa
1522 858 1572 896 a.
1601 860 1655 898 u.
1687 840 1860 910 511).¹

376 951 423 1015 1.
483 949 926 1014 Coruncanius
983 949 1321 1015 ruminalis
1381 949 1654 1033 hostias,
1711 950 1911 1015 donec
1958 949 2287 1015 bidentes*

247 1040 488 1123 fierent,
535 1060 734 1123 puras
780 1041 1063 1123 negauit.
1101 1076 1191 1085 —
1230 1039 1403 1105 Plin.
1432 1046 1561 1104 nat.
1589 1040 1730 1104 hist.
1770 1039 1828 1123 8,
1868 1038 2015 1103 206.

383 1128 439 1194 2.
479 1127 739 1193 Placuit
766 1127 835 1191 P.
868 1126 1217 1192 Scaeuolae
1255 1132 1321 1192 et
1358 1128 1452 1193 Ti.
1486 1126 1886 1194 Coruncanio
1915 1134 2018 1193 ete.
2039 1166 2129 1175 —
2159 1126 2286 1194 Oia.
2342 1155 2366 1195 ε

252 1219 324 1282 de
359 1218 531 1300 leyib.
574 1220 633 1301 2,
664 1217 769 1299 21,
799 1216 902 1281 52.
977 1220 1053 1299 ef.
1091 1218 1273 1300 infra
1320 1218 1397 1282 P.
1429 1218 1689 1284 Mucius
1726 1217 2021 1282 Scaevola
2055 1217 2095 1280 3
2126 1239 2198 1299 p.
2228 1218 2288 1284 8.

645 1393 827 1459 SEX.
866 1394 1185 1460 AELIVS
1232 1395 1582 1461 PAETVS·
1624 1394 1903 1461 OATVS

1022 1501 1154 1568 (cos.
1185 1518 1233 1553 a.
1263 1517 1315 1552 u.
1349 1500 1519 1569 556).⁸

975 1625 1316 1680 TRIPER
1335 1626 1554 1679 TITA.

382 1715 430 1782 1.
487 1716 827 1780 Praeterea
883 1715 959 1780 de
1006 1738 1178 1799 penu
1224 1716 1717 1782 adscribendum
1763 1714 1888 1780 hoc
1934 1718 2129 1780 etiam
2174 1739 2290 1799 pu·
2319 1742 2369 1784 ιο

247 1809 411 1870 tani:
461 1803 760 1870 Seruium
807 1803 1168 1888 Sulpicium
1222 1808 1291 1871 in
1343 1806 1747 1889 reprehensis
1795 1803 2143 1869 Scaeuolae
2192 1827 2290 1869 ca-

247 1895 496 1982 pitibus
545 1896 877 1977 scripsisse
926 1892 1084 1959 Cato
1133 1894 1320 1959 Aelio
1369 1894 1707 1978 placuisse,
1762 1916 1896 1959 non
1943 1915 2106 1978 quae
2153 1896 2290 1959 esui

249 1989 315 2048 et
352 1986 541 2068 potui
576 1983 808 2067 forent,
857 1984 968 2048 sed
1005 1988 1110 2047 tus
1150 2006 1407 2069 quoque
1446 1988 1511 2048 et
1548 2004 1763 2048 cereos
1810 1986 1880 2047 in
1924 2006 2098 2067 penu
2134 2004 2289 2068 esse,

249 2071 465 2158 qu0d4
492 2077 661 2137 esset
701 2075 838 2137 eius
885 2073 1085 2136 ferme
1121 2070 1251 2138 rei⁵
1280 2095 1475 2138 causa
1519 2076 1978 2156 comparatum.
2008 2109 2098 2118 —
2131 2072 2288 2137 Gell.

246 2164 310 2246 4,
343 2164 400 2246 1,
430 2163 535 2227 20.
595 2164 670 2244 ef.
710 2162 777 2243 Q.
809 2163 983 2226 Mne.
1014 2161 1221 2227 Scaev.
1258 2164 1289 2227 1
1312 2184 1381 2244 p.
1417 2163 1495 2226 17
1528 2168 1586 2227 et
1619 2161 1787 2227 Serv.
1818 2161 1993 2243 δαίμ
2017 2161 2061 2225 4
2082 2183 2151 2243 p.
2183 2161 2286 2226 34.
2320 2188 2369 2229 ιε

385 2252 443 2316 2.
480 2249 802 2315 Inluseras
830 2252 969 2316 heri
998 2258 1203 2316 ete.-—
1222 2254 1297 2333 ef.
1329 2253 1397 2334 Q.
1420 2252 1681 2316 Mucius
1704 2251 1998 2316 Scaevola
2025 2253 2070 2313 4
2092 2273 2163 2332 p.
2190 2252 2288 2315 18.

387 2340 441 2406 3.
492 2340 880 2405 ‘Mulieres
934 2362 1168 2426 genas
1228 2363 1319 2405 ne
1374 2340 1704 2405 radunto
1759 2362 1950 2404 neue
2005 2340 2291 2404 lessum

247 2431 551 2494 funeris
598 2451 777 2514 ergo
824 2430 1202 2494 habento’.
1259 2429 1383 2495 hoc
1419 2434 1668 2495 ueteres
1707 2431 2106 2513 interpretes,
2146 2427 2286 2493 Sex.

246 2519 496 2604 Aelius,
535 2518 601 2583 L.
632 2516 898 2602 Acilius,
936 2541 1068 2584 non
1105 2520 1261 2583 satis
1301 2540 1369 2584 se
1405 2518 1778 2605 intellegere
1825 2519 2141 2601 dixerunt,
2180 2518 2291 2582 sed

248 2610 570 2694 suspicari
617 2609 984 2672 uestimenti
1032 2608 1296 2693 aliquod
1343 2630 1547 2695 genus
1593 2608 1900 2691 funebris,
1959 2608 2027 2672 L.
2066 2605 2290 2671 Aelius
2320 2634 2371 2673 20

246 2700 493 2763 lessum
543 2699 727 2781 quasi
770 2697 1114 2784 lugubrem
1162 2697 1593 2781 eiulationem,
1639 2701 1715 2762 ui:
1751 2719 1880 2761 uox
1918 2699 2060 2780 ipsa
2098 2698 2293 2782 signi-

248 2788 420 2853 ficat.
451 2824 540 2833 —
583 2783 707 2851 oio.
738 2788 809 2850 de
845 2787 955 2870 leq.
985 2789 1044 2871 2,
1074 2787 1179 2871 23,
1208 2785 1312 2850 59.

397 2966 451 3032 1)
488 2964 700 3030 scripta
737 2963 854 3016 eins
887 2978 1003 3017 non
1039 2964 1319 3028 extabant,
1358 2963 1428 3029 ef.
1469 2963 1543 3016 D.
1577 2967 1624 3028 1,
1648 2968 1697 3028 2,
1720 2968 1769 3030 2,
1792 2966 1859 3015 38
1899 2964 2114 3031 (Pomp.
2148 2965 2289 3031 178).

251 3037 305 3102 2)
345 3036 415 3102 ef.
443 3034 582 3088 Gen.
607 3038 752 3097 16,6.
821 3035 1064 3089 Macrob.
1087 3034 1202 3089 Sat.
1226 3039 1276 3100 6,
1298 3039 1349 3100 9,
1372 3040 1418 3088 1.
1488 3033 1636 3088 Fest.
1666 3052 1746 3103 ep.
1776 3051 1824 3087 υ.
1856 3034 2103 3088 bidental
2120 3052 2182 3103 p.
2205 3040 2288 3087 33.

253 3108 305 3174 3)
347 3105 527 3160 ‘Aelii
575 3105 783 3158 dicam
838 3106 902 3159 de
954 3113 1108 3161 noete
1162 3108 1502 3174 intempesta,
1558 3107 1703 3174 quod
1753 3106 1911 3159 Varr.
1941 3106 2006 3159 de
2045 3107 2079 3159 l.
2111 3107 2144 3159 l.
2178 3112 2228 3173 6,
2260 3110 2288 3158 7

252 3178 436 3244 refert,
466 3178 538 3231 L.
560 3176 713 3230 Aelii
739 3175 970 3232 Stilonis
996 3194 1105 3233 esse
1132 3178 1366 3232 videtwr.
1418 3178 1562 3231 idem
1588 3178 1726 3231 mihi
1747 3178 2029 3245 persuasit
2054 3178 2119 3230 de
2139 3178 2292 3232 Aelii

259 3248 588 3321 etymoloyia
624 3248 773 3302 verbi
803 3248 1127 3313 ‘assiduus’‚
1164 3266 1331 3318 quam
1364 3267 1432 3304 ex
1462 3248 1570 3304 Cic.
1610 3250 1741 3317 Top.
1772 3254 1822 3315 2,
1856 3254 1921 3301 10
1951 3250 2140 3318 priore
2178 3249 2295 3303 edi-

258 3322 404 3377 tione
438 3321 548 3373 hue
574 3320 884 3386 retuleram,
915 3321 999 3375 Μ.
1022 3321 1195 3375 Hertz
1224 3322 1288 3374 in
1316 3320 1658 3374 Fleckeiseni
1683 3321 1876 3375 Jahrb.
1896 3321 1938 3387 f.
1959 3322 2121 3390 klass.
2145 3320 2291 3374 Phil.

256 3397 392 3446 1862
422 3409 487 3461 p.
517 3391 632 3444 45’.
673 3391 790 3445 Hu.
847 3393 913 3459 cf.
956 3392 1171 3457 Mentz,
1219 3393 1283 3446 de
1331 3392 1399 3445 L.
1439 3392 1598 3446 Aelio
1645 3391 1868 3457 Stilone,
1933 3392 2080 3446 Jena
2137 3396 2292 3458 1890,

246 3481 305 3533 p.
336 3468 422 3518 29.
454 3467 540 3517 30.
572 3467 659 3516 43.
689 3467 775 3517 44.
920 3465 974 3532 4)
1012 3463 1275 3531 quodque
1303 3463 1423 3517 Hu.
1454 3462 1573 3518 edd.
1607 3469 1653 3516 1.
1686 3470 1734 3516 2.
1882 3465 1935 3531 5)
1973 3462 2150 3518 ferme
2187 3463 2292 3534 rei]

256 3533 507 3590 familiae
550 3533 908 3604 Oanneyieter
950 3534 1019 3586 M
1017 3551 1283 3590 ommseno
1314 3536 1601 3604 probante.

360 3637 574 3676 Inuum.
604 3642 768 3673 Arrun.
795 3643 874 3672 nn.
904 3632 1368 3674 Seckel-Kubler.
1397 3635 1434 3674 Ι.
1941 3629 1968 3676 1
