2650 3917
399 147 536 212 400
773 147 873 200 AD
913 146 1039 202 GAI
1072 145 1255 201 INST.
1296 145 1758 201 CONSPEGTVS
1797 146 2073 201 RERVM.

928 307 1077 362 aliae
1114 307 1291 362 etiam
1327 307 1643 377 mancipari
1666 309 1921 376 possunt,
1940 309 2005 361 ut

928 379 1054 433 iura
1089 379 1452 449 praediorum
1487 379 1826 432 rusticorum
1900 420 1912 432 .
1991 421 2002 433 .
2078 386 2129 447 2,
2160 384 2368 434 28-37

1000 450 1475 533 obligationes
1494 449 2005 504 nihileorumreci

927 522 1110 591 piunt,
1131 523 1231 575 sed
1257 521 1562 575 novatione
1588 521 2006 576 transferamur
2078 528 2128 591 2,
2158 528 2252 591 383
2295 530 2361 578 39

794 615 831 648 α
844 595 893 663 0)
929 611 1120 648 10111111
1155 592 1454 647 mobilium
1499 592 2007 665 immobiliumque,

928 666 1049 720 sive
1085 665 1334 735 mancipi
1376 665 1509 718 sunt
1545 664 1664 718 sive
1702 679 1806 718 1100
1843 680 2001 718 man·

930 737 1064 806 cipi,
1100 736 1391 806 usucapio,

1000 809 1202 863 divisio
1224 807 1481 875 dominii,
1490 809 1556 860 ut
1575 806 1723 861 alius
1738 807 1919 876 possit
1935 824 2003 862 ex

926 881 1048 936 iure
1070 879 1378 945 Quiritium
1392 879 1652 933 dominus
1677 894 1817 945 esse,
1838 877 2003 944 alius,

929 952 1108 1007 donec
1142 969 1250 1005 usu
1298 951 1536 1020 ceperit,
1582 966 1704 1004 rem
1740 951 1800 1004 in
1838 949 2003 1003 bonis

925 1024 1135 1079 habere
1181 1062 1999 1078 ...........
2086 1027 2135 1090 2,
2164 1028 2375 1078 40-42

997 1108 1191 1150 earum
1207 1112 1396 1148 rerum
1414 1094 1704 1162 usucapi0‚
1726 1108 1872 1165 quae
1893 1109 2007 1146 non

927 1183 962 1220 a
999 1167 1227 1221 domino
1264 1166 1429 1219 nobis
1466 1165 1715 1219 traditae
1753 1166 1887 1219 sunt
1986 1206 1998 1218 .
2075 1170 2124 1233 2,
2154 1171 2250 1232 433
2290 1172 2359 1219 44

997 1239 1269 1307 usucapio
1308 1237 1618 1306 aliquando
1655 1253 1770 1290 non
1805 1252 2003 1305 proce-

928 1310 1065 1365 dens
1105 1310 1323 1364 alienae
1363 1309 1445 1364 rei
1481 1308 1666 1363 bonae
1702 1307 1837 1361 fidei
1874 1323 2003 1376 pos-

926 1381 1131 1436 sessori
1178 1419 1998 1436 ..........
2076 1385 2107 1432 2
2156 1384 2363 1434 45—51

849 1512 854 1517 ,
930 1503 937 1509 .
995 1453 1269 1523 usucapio
1301 1453 1439 1518 eius,
1480 1451 1579 1521 qui
1607 1451 1717 1506 scit
1753 1449 2002 1504 alienam

923 1541 1044 1580 rem
1082 1540 1142 1579 se
1177 1524 1468 1594 possidere
1537 1564 1999 1578 ......
2075 1528 2124 1589 2,
2155 1529 2363 1577 52-61

687 1597 740 1667 β)
779 1596 858 1650 ali
861 1597 1088 1665 quando
1127 1596 1387 1650 dominus
1427 1594 1763 1678 alienandae
1789 1593 1873 1647 rei
1900 1609 2001 1662 po·

771 1614 1038 1722 testlatem
1074 1685 1188 1722 non
1231 1666 1433 1735 habet,
1491 1669 1548 1720 et
1594 1666 1694 1736 qui
1741 1664 2002 1719 dominus

772 1756 883 1793 non
923 1742 1026 1808 est,
1065 1739 1315 1794 alienare
1353 1739 1542 1808 potest
1626 1777 1999 1793 .....
2074 1741 2124 1804 2,
2155 1742 2365 1791 62-64

591 1809 655 1881 b)
691 1800 980 1865 naturales
1012 1784 1430 1893 adquisitiones
1448 1850 1997 1864 .......
2075 1815 2124 1874 2,
2157 1813 2223 1862 65

686 1885 744 1950 α)
781 1883 1036 1964 traditio,
1075 1881 1397 1952 occupatiO,
1436 1897 1504 1935 ex
1540 1846 1799 1935 hostibus
1837 1879 1999 1948 capio
2075 1885 2124 1947 2,
2155 1885 2364 1936 66-69

684 1956 738 2025 β)
775 1953 859 2009 vis
895 1954 1169 2009 fluminis:
1210 1954 1436 2020 alluvio,
1467 1953 1698 2006 insula
1681 1971 1744 2006 111
1770 1951 2000 2005 flumine

772 2028 909 2080 nata
1000 2063 1999 2081 ............
2073 2028 2124 2092 2,
2155 2029 2184 2076 7
2189 2029 2364 2078 0-72

681 2097 735 2167 γ)
773 2097 892 2152 3010
923 2098 1075 2152 cedit
1112 2098 1455 2181 superficies,
1490 2095 1737 2165 planta
1719 2113 1781 2150 m
1807 2095 1999 2148 nostro

770 2169 986 2251 posita,
1040 2169 1388 2224 frumentum
1432 2169 1493 2222 111
1542 2170 1734 2221 nostro
1784 2168 1999 2248 satum,

771 2240 910 2295 item
945 2258 1134 2295 meum
1168 2242 1250 2309 fit,
1289 2241 1442 2310 quod
1479 2240 1541 2293 in
1587 2240 1819 2294 cartulis
1856 2237 1997 2291 meis

774 2311 980 2380 aliquis
1036 2312 1350 2381 scripserit,
1408 2312 1508 2365 sed
1561 2326 1674 2364 non
1730 2312 1882 2380 quod
1937 2309 1999 2362 in

769 2383 969 2437 tabula
1006 2400 1133 2439 mea
1169 2384 1420 2453 pinxerit
1441 2420 1996 2437 .......
2070 2385 2122 2449 2,
2153 2385 2363 2436 73-78

682 2456 737 2523 ὃ)
775 2455 823 2508 31
861 2455 988 2523 quis
1026 2471 1096 2510 ex
1132 2455 1317 2510 aliena
1354 2455 1595 2510 materia
1630 2471 1835 2509 novam
1871 2469 1998 2521 spe-

773 2526 919 2580 ciem
953 2527 1154 2582 fecerit
1174 2564 1997 2581 ..........
2070 2529 2120 2592 2,
2152 2530 2218 2578 79

496 2599 556 2668 2)
596 2598 1112 2667 adquisitiones
1188 2598 1800 2667 alienationesque
1876 2613 1998 2668 per

592 2684 706 2723 eas
734 2685 1088 2739 personas,
1128 2687 1299 2739 quae
1339 2671 1461 2725 sub
1498 2668 1727 2724 tutela
1765 2671 1922 2723 sunt
1979 2713 1990 2725 .
2068 2673 2118 2735 2,
2148 2673 2362 2724 80—85

502 2741 557 2810 8)
595 2740 996 2810 adquiritur
1031 2740 1228 2795 nobis
1268 2742 1479 2796 etiam
1506 2757 1626 2811 per
1658 2757 1799 2809 003,
1829 2757 1995 2810 quos

590 2811 661 2865 in
697 2816 1052 2882 potestate
1088 2829 1287 2866 manu
1324 2813 1756 2882 mancipiove
1784 2814 1995 2867 habe·

589 2901 732 2938 mus
818 2927 1992 2942 ..............
2069 2889 2118 2947 2,
2149 2889 2362 2941 86-96

384 2970 460 3028 0.
500 2971 734 3049 Quibus
770 2974 967 3030 modis
1004 2990 1116 3044 per
1161 2975 1634 3032 universitatem
1670 2991 1772 3033 res
1813 2976 1993 3033 nobis

501 3044 918 3114 adquiruntur
991 3086 1989 3105 ............
2067 3055 2098 3103 2
2147 3055 2241 3118 973
2281 3057 2351 3107 98

504 3119 557 3188 1)
593 3116 673 3171 de
727 3117 1247 3172 hereditatibus
1312 3121 1401 3189 (et
1454 3119 1782 3174 bonorum
1835 3136 1992 3190 pos-

591 3189 1043 3260 sessionibus)
1084 3232 1990 3247 ...........
2065 3199 2114 3260 2,
2146 3199 2214 3248 99

592 3262 645 3329 a)
673 3262 1057 3329 quaenobis
1077 3276 1154 3314 ex
1171 3264 1591 3317 testamento
1612 3263 1991 3319 obveniunt
2064 3271 2114 3333 2,
2146 3271 2249 3320 100

680 3334 737 3401 α)
774 3333 1241 3387 testamentorum
1279 3334 1578 3388 ordinatio.

770 3406 874 3474 aa)
910 3420 1119 3474 genera
1156 3407 1624 3460 testamentorum
1661 3407 1809 3462 tria.
1885 3449 1898 3462 .
1973 3449 1989 3464 .
2063 3415 2112 3475 2,
2146 3414 2429 3464 101-103

769 3474 874 3544 ab)
911 3478 1313 3530 testamentum
1348 3494 1452 3546 per
1489 3492 1582 3532 aes
1620 3481 1679 3532 et
1712 3478 1918 3533 libram
1976 3524 1986 3535 .

769 3567 805 3598 α
818 3547 867 3615 0)
909 3549 1251 3601 testamenta
1286 3548 1533 3602 militum
1617 3591 1986 3607 .....

2064 3486 2112 3546 2,
2145 3485 2429 3536 104—108

2064 3558 2113 3620 2,
2146 3558 2426 3610 109—111
