2650 3917
19 3494 30 3547 ,

860 168 985 223 GAI
1020 168 1279 223 INSTIT.
1317 168 1397 223 IV
1439 174 1733 222 176—179.
2159 166 2296 233 393
2359 156 2363 169 ’

257 332 463 398 cimae
507 332 741 417 partie,
796 338 1233 414 praeterquam
1288 331 1454 412 quod
1464 330 1486 368 ¹
1543 329 1849 395 aduersus
1904 329 2298 397 adsertorem

255 422 488 487 tertiae
542 422 749 506 partis
805 425 919 486 est.
1010 421 1137 486 176.
1183 420 1494 485 Liberum
1555 423 1654 485 est
1718 423 1933 484 autem
1998 420 2085 506 ei,
2149 442 2296 486 cum

255 532 386 595 quo
460 511 706 597 agitur,
779 514 892 575 aut
965 510 1325 575 calumniae
1400 509 1711 575 iudicium
1786 531 2113 594 opponere
2185 513 2301 574 aut

255 600 701 665 iusiurandum
767 600 1023 685 exigere
1085 616 1233 665 NON
1301 616 1708 664 CALVMNIAE
1770 615 1989 664 CAVSA
2043 615 2294 665 Aonnn.

253 689 381 755 177.
431 688 845 756 Contrarium
891 692 1107 754 autem
1155 688 1465 754 iudicium
1512 711 1590 753 ex
1636 689 1830 753 certis
1888 689 2099 756 causis
2147 710 2294 754 con-

254 779 564 883 stituitum,
604 776 615 866 Ι
655 777 838 845 uelut
875 779 930 843 si
967 778 1351 843 iniuriarum
1388 781 1619 864 agatur
1656 781 1723 842 et
1751 778 1806 842 si
1844 798 1990 842 cum
2027 778 2296 843 muliere
2332 775 2442 825 249

252 889 330 934 eo
375 868 637 933 nomine
696 871 949 955 agatur,
1011 868 1188 952 quod
1251 864 1547 932 dicatur²
1609 868 1856 932 uentris
1920 868 2180 933 nomine
2226 867 2297 933 in

252 958 731 1041 possessionem
777 957 976 1022 missa
1023 957 1171 1021 dolo
1219 956 1393 1022 malo
1440 958 1522 1022 ad
1567 957 1766 1022 alium
1820 957 2295 1041 possessionem

250 1044 716 1131 transtulisse⁸,
764 1049 830 1111 et
867 1046 922 1110 si
962 1047 1106 1130 quis
1145 1067 1222 1111 eo
1268 1046 1530 1111 nomine
1576 1049 1746 1133 agat,
1792 1045 1966 1130 quod
2011 1046 2184 1112 dicat
2226 1068 2294 1111 se

249 1158 288 1199 a
325 1139 651 1238 ‘praetore
708 1136 778 1200 in
839 1136 1314 1220 possessionem
1381 1135 1651 1201 missum
1705 1136 1787 1200 ab
1834 1135 1963 1200 alio
2012 1158 2140 1219 quo
2188 1135 2294 1200 ad-

250 1225 527 1289 missum
591 1247 724 1290 non
788 1246 941 1291 esse.
1034 1226 1148 1290 sed
1211 1225 1518 1290 aduersus
1589 1224 1967 1290 iniuriarum
2034 1223 2296 1309 quidem

248 1313 615 1379 actionem*
657 1315 941 1380 decimae
1004 1315 1210 1400 partis
1276 1315 1496 1396 datur,
1559 1314 1868 1379 aduersus
1922 1335 2079 1379 uero
2137 1314 2296 1379 duas

246 1404 408 1470 istas
476 1404 756 1487 quintae.
848 1403 974 1469 178.
1023 1402 1323 1469 Seuerior
1386 1407 1603 1468 autem
1670 1402 1976 1469 coercitio
2035 1406 2133 1469 est
2178 1424 2299 1488 per

247 1492 645 1558 contrarium
691 1492 1018 1558 iudicium.
1092 1489 1281 1557 nam⁵
1326 1493 1686 1557 calumniae
1715 1492 1953 1557 iudicio
1980 1510 2046 1559 x.
2079 1492 2284 1576 partis

242 1603 437 1648 nemo
486 1581 863 1647 damnatur⁶
898 1581 1026 1647 nisi
1074 1582 1186 1666 qui
1223 1582 1549 1667 intellegit
1585 1604 1718 1647 non
1762 1585 1939 1648 recte
1975 1603 2043 1647 se
2080 1603 2287 1667 agere,

247 1670 360 1737 sed
397 1671 673 1736 uexandi
712 1671 1064 1737 aduersarii
1101 1671 1311 1757 gratia
1348 1671 1667 1736 actionem
1714 1670 2004 1736 instituit
2041 1670 2287 1755 potius-

246 1782 372 1845 que
418 1782 498 1826 ex
552 1760 785 1827 iudicis
844 1782 1060 1826 errore
1112 1761 1219 1825 uel
1274 1760 1621 1844 iniquitate
1673 1760 2015 1825 uictoriam
2071 1763 2290 1843 sperat

246 1871 440 1934 quam
489 1871 569 1914 ex
623 1872 814 1915 causa
866 1850 1181 1915 ueritatis.
1274 1850 1598 1915 calumnia
1643 1850 1815 1914 em'm
1870 1850 1941 1915 in
1994 1846 2291 1915 adfectu⁷

246 1943 371 2018 est,
428 1939 597 2004 sicut
651 1938 812 2005 furti
868 1939 1130 2006 crimen.
1223 1939 1548 2005 contrario
1603 1960 1761 2005 uero
1816 1938 2055 2003 iudicio
2112 1938 2291 2003 omni
2377 1947 2386 1958 ‘

241 2027 436 2094 modo
485 2030 826 2094 damnatur
883 2033 1080 2114 actor,
1144 2029 1200 2094 si
1264 2051 1524 2094 causam
1577 2050 1712 2093 non
1773 2028 2074 2113 tenuerit,
2134 2028 2294 2094 licet

243 2116 501 2201 aliquass
566 2119 869 2202 opinione
938 2118 1241 2183 inductus
1305 2118 1649 2184 crediderit
1715 2139 1782 2183 se
1846 2122 2018 2183 recte
2083 2124 2292 2199 agere.

240 2205 369 2271 179.
417 2205 691 2291 Vtique,
715 2212 930 2274 autem
977 2228 1058 2272 ex
1103 2208 1340 2291 quibus
1399 2209 1609 2273 causis
1664 2208 1989 2273 contrario
2046 2206 2290 2272 iudicio

242 2293 390 2381 agi⁹
435 2299 662 2380 potest
747 2295 939 2363 etiam
1009 2297 1368 2363 calumniae
1428 2298 1741 2365 iudicium
1794 2299 2011 2363 locum
2068 2296 2292 2381 habet3

387 2492 440 2560 1)
493 2492 894 2561 praeterquam
949 2491 1102 2561 quod
1155 2492 1339 2564 suppl.
1379 2494 1664 2564 Krueyer5
1728 2493 1798 2559 cf.
1855 2491 2293 2561 supplementum

242 2562 569 2644 apoyraphi.
723 2566 776 2633 2)
817 2562 1039 2616 dicetur
1071 2561 1141 2617 V.
1291 2566 1345 2634 3)
1384 2565 1772 2619 transtulisset
1808 2563 1875 2618 V.
2021 2563 2077 2631 4)
2115 2561 2291 2616 actio-

241 2632 333 2686 nis
371 2633 438 2687 V.
588 2636 641 2704 5)
678 2652 793 2690 non
830 2634 895 2689 V.
1045 2637 1098 2703 6)
1137 2634 1438 2688 damnetur
1472 2634 1541 2692 V.
1691 2639 1743 2706 7)
1782 2634 2072 2689 adfectum
2107 2631 2174 2686 V.

239 2706 295 2773 8)
335 2702 451 2758 alia
489 2704 556 2760 V.
708 2708 763 2776 9)
803 2722 973 2777 agere
1009 2705 1077 2761 V.

390 2852 421 2913 ξ
463 2853 581 2902 176.
648 2849 719 2915 cf.
776 2849 937 2916 infra
973 2853 1183 2917 4,179.
1259 2850 1428 2905 Paul.
1486 2856 1626 2917 2,1,
1665 2855 1714 2904 2.
1792 2850 1867 2904 D.
1919 2853 2004 2916 10,
2044 2852 2093 2914 2,
2132 2851 2220 2914 44,
2257 2852 2291 2899 4

242 2920 436 2987 (Paul.
480 2924 655 2990 1746).
717 2926 801 2987 12,
841 2927 891 2988 2,
931 2892 1023 2987 64,’
1056 2924 1090 2972 4
1128 2921 1282 2991 (Ulp.
1326 2923 1467 2987 766).
1510 2891 1594 2989 ι’2,
1634 2927 1684 2985 2,
1724 2926 1790 2974 37
1830 2928 1883 2976 et
1918 2924 2005 2985 26,
2045 2924 2096 2986 2,
2135 2924 2222 2985 ιι,
2261 2922 2289 2970 1

237 2988 396 3060 (Ulp.
439 2994 579 3061 961).
648 2963 913 3060 39,1’,ἐ,
956 2998 1020 3045 14
1068 2993 1220 3063 (Ulp.
1264 2994 1440 3061 1268).
1510 2965 1596 3057 39'
1636 2999 1685 3059 2,
1727 2998 1755 3046 7
1770 3010 1862 3062 pr
1912 2961 2066 3060 (U'lp.
2111 2992 2289 3060 1271).

242 3062 300 3117 Ο.
342 3065 483 3129 4,1,
524 3068 554 3115 9
613 3067 687 3132 (a.
727 3067 869 3134 294).
946 3064 1033 3119 lex
1080 3065 1255 3120 Rubr.
1295 3081 1341 3119 c.
1380 3069 1449 3118 20
1498 3066 1715 3134 (Bruns
1759 3063 1829 3131 1⁶,
1863 3065 1968 3133 98).
2046 3062 2154 3118 Cic.
2189 3078 2294 3131 pro

243 3133 410 3188 Rosc.
454 3134 602 3189 Gom.
644 3140 694 3202 1,
734 3140 782 3189 4.

388 3210 418 3269 ἓ
460 3210 579 3259 177.
656 3206 703 3260 si
760 3205 1120 3289 iniuriarum]
1177 3208 1245 3274 cf.
1304 3208 1474 3262 Paul.
1534 3214 1585 3276 5,
1614 3213 1665 3274 4,
1698 3213 1780 3261 11.
1857 3207 1931 3261 D.
1971 3210 2059 3273 47,
2103 3210 2185 3273 10,
2222 3210 2291 3257 43

242 3274 404 3344 (Gai.
442 3280 588 3348 484).
663 3277 712 3332 si
750 3294 878 3331 cum
913 3277 1173 3349 muliere]
1212 3279 1282 3345 cf.
1322 3279 1401 3333 D.
1439 3279 1522 3334 tit.
1554 3250 1641 3346 2⁹5,
1671 3286 1721 3333 5.
1779 3279 1930 3346 quod
1969 3277 2126 3332 dicat
2164 3294 2221 3330 se
2259 3295 2294 3330 a
2366 3326 2371 3331 ,

234 3348 529 3419 praetore]
566 3349 637 3416 σΓ.
678 3348 753 3403 D.
794 3351 877 3404 tit.
918 3353 1005 3416 43,
1034 3355 1084 3402 4.

383 3424 577 3485 5178.
634 3421 811 3488 cfiD
851 3425 939 3487 48,
972 3391 1055 3488 ι’6,
1088 3427 1136 3488 1,
1169 3428 1226 3487 1,
1257 3427 1316 3473 3·
1303 3423 1726 3492 ,4(Marcian.
1758 3423 1900 3492 287).
1962 3422 2019 3477 0.
2062 3426 2111 3488 9,
2141 3426 2227 3488 46,
2259 3426 2290 3474 a

237 3491 405 3560 (Imp.
436 3493 640 3562 Alex..)
704 3490 868 3564 furti]
907 3463 977 3560 ιῘΓ.
1015 3509 1190 3563 supra
1229 3499 1432 3562 3,197.

379 3568 410 3628 ξ
455 3568 576 3618 179.
640 3564 717 3631 cf.
754 3581 929 3633 supra
967 3569 1169 3633 4,176.
