2650 3917
311 163 435 227 102
808 162 960 217 SEX.
1001 163 1372 217 CAECILIVS
1411 162 1836 219 AFRICANVS.

309 327 597 410 aliaeque
645 327 799 390 item
853 325 1031 408 leges
1088 328 1567 412 sumptuariae?
1642 330 1859 392 omnia
1922 331 2137 397 tamen
2181 324 2344 390 haec

306 416 673 485 oblitterata
710 420 775 479 et
821 420 1045 498 operta
1083 422 1233 480 sunt
1280 419 1563 482 ciuitatis
1612 418 1944 501 opulentia
1980 417 2166 500 quasi
2204 417 2345 498 qui·

304 505 575 570 busdam
630 504 933 570 fluctibus
981 508 1432 571 exaestuantis,
1525 504 1672 592 (24)
1711 506 1824 571 sed
1850 529 1987 572 0111·
2031 504 2154 569 tibi
2200 525 2342 568 esse

305 597 446 659 uisa
492 598 589 659 est
633 593 983 658 inhumana
1026 596 1132 659 lex
1180 596 1468 660 omnium
1516 617 1657 660 mea
1704 595 1962 680 quidem
2023 595 2344 658 sententia

252 710 275 749 5
304 684 783 786 bumamssima,
833 705 995 766 quae
1032 686 1390 749 iumentum
1429 686 1567 750 dari
1604 685 1783 750 iubet
1819 705 2013 770 aegro
2052 687 2165 747 aut
2202 685 2344 747 seni

310 774 379 837 in
433 776 535 839 ius
586 773 862 837 uocato?
929 770 1073 860 (25)
1113 773 1311 839 uerba
1367 779 1519 839 sunt
1571 774 1732 838 haec
1777 774 1856 839 de
1901 775 2046 860 lege
2069 770 2091 807 ²
2146 769 2217 836 Si
2272 773 2344 835 in

305 863 405 928 ius
453 861 707 928 uocat²z
756 879 817 926 sl
865 879 1144 928 MORBVS
1200 880 1592 928 AEVITASVE
1650 881 1900 927 VITIVM
1941 872 2183 945 Escrr,
2220 878 2343 937 QVI

305 971 378 1016 IN
442 969 551 1017 IVS
612 950 972 1034 VOCABIT3,
1020 970 1394 1016 IVMENTVM
1440 970 1666 1036 DAT03
1713 969 1774 1017 SI
1819 969 2088 1033 NOLET,
2132 966 2345 1015 ARGE÷

305 1060 450 1106 ΒΑΜ
496 1060 588 1105 ΝΕ
638 1039 1043 1105 STERN1T0.4
1133 1038 1278 1127 (26)
1318 1064 1403 1106 an
1438 1045 1511 1106 tu
1556 1040 1725 1106 forte
1772 1040 2070 1105 morbum
2124 1040 2344 1123 appel.-

226 1159 276 1196 10
305 1132 425 1195 lari
463 1131 569 1195 hic
613 1135 806 1215 putas
854 1132 1362 1216 aegrotationem
1410 1153 1674 1217 grauem
1713 1153 1859 1196 cum
1904 1129 2071 1194 febri
2116 1129 2344 1212 rapida

305 1225 370 1285 et
416 1242 720 1303 quercera
779 1221 1267 1303 iumentumque
1325 1220 1452 1284 dici
1505 1239 1703 1304 pecus
1759 1218 2022 1302 aliquod
2076 1219 2343 1282 unicum

304 1314 487 1395 tergo
560 1310 845 1374 uehens?
918 1331 993 1374 ac
1057 1313 1398 1393 propterea
1461 1311 1674 1374 minus
1729 1309 1931 1373 fuisse
1984 1307 2344 1372 humanum

306 1399 656 1463 existumas
704 1403 1043 1483 aegrotum
1089 1399 1264 1463 domi
1312 1420 1466 1463 suae
1513 1398 1855 1463 cubantem
1914 1398 2202 1462 iumento
2247 1397 2344 1460 in-

305 1489 587 1572 positum
634 1490 703 1551 in
768 1489 866 1551 ius
922 1489 1143 1572 rapi?
1174 1487 1501 1575 (21)hoc‚
1558 1489 1649 1552 1111
1702 1487 2049 1569 Fauorine,
2102 1508 2343 1568 nequa-

225 1603 273 1643 15
306 1599 499 1660 quam
528 1578 621 1640 ita
650 1581 762 1641 est
836 1599 986 1641 nam
1018 1577 1331 1642 morbus
1313 1579 1553 1662 1111030
1591 1579 1715 1642 ista
1742 1599 1874 1641 non
1911 1574 2342 1640 febriculosus

303 1687 512 1749 neque
558 1666 831 1730 nimium
878 1666 1112 1752 grauis,
1158 1668 1265 1730 sed
1308 1668 1542 1731 uitium
1590 1665 1852 1750 aliquod
1900 1664 2345 1729 inbecillitatis

304 1759 497 1838 atque
556 1755 947 1820 inualentiae
1008 1756 1500 1839 demonstratur,
1559 1777 1693 1821 non
1751 1754 2109 1839 periculum
2166 1753 2345 1817 uitae

305 1843 680 1909 ostenditur.
808 1847 1139 1928 ceteroqui
1213 1844 1513 1909 morbum
1585 1843 2130 1909 uehementiorem
2204 1841 2345 1907 uim

306 1933 594 2019 grauiter
639 1934 912 1997 nocendi
975 1933 1318 1998 habentem
1374 1937 1591 2019 legum
1656 1935 1926 1998 istarum
1993 1933 2344 2014 scriptores

223 2049 276 2088 20
305 2024 431 2087 alio
507 2022 576 2088 in
641 2019 821 2087 loco⁵
894 2043 1027 2086 non
1098 2046 1215 2107 per
1279 2045 1348 2087 se
1421 2022 1749 2086 ‘morbum
1763 2023 1800 2106 ²,
1865 2021 1977 2086 sed
2041 2021 2345 2085 morbum

305 2113 626 2177 sonticum
684 2111 1027 2196 appellant.
1134 2109 1279 2198 (28)
1327 2112 1686 2176 iumentum
1757 2132 2015 2195 quoque
2085 2131 2218 2175 non
2278 2110 2348 2174 id

305 2201 514 2265 solum
571 2200 913 2285 significat,
969 2201 1143 2284 quod
1198 2222 1369 2265 nunc
1425 2201 1688 2285 dicitur3
1734 2200 1868 2277 ,sed
1930 2199 2348 2265 uectabulum

304 2292 525 2373 etiam,
573 2290 746 2374 quod
792 2314 830 2354 a
876 2289 1147 2354 iunctis⁶
1192 2288 1573 2375 pecoribus⁷
1619 2288 2046 2372 trahebatur⁸‚
2092 2293 2346 2353 ueteres

304 2379 509 2444 nostri
559 2380 958 2444 ‘iumentum'
1010 2403 1047 2444 a
1094 2378 1466 2465 ‘iungendo'
1525 2379 1839 2444 dixerunt.
1934 2376 2080 2464 (29)
2124 2398 2348 2442 arcera

224 2495 275 2535 25
306 2474 520 2534 autem
567 2469 921 2533 uocabatur
965 2466 1365 2552 plaustrum⁹
1412 2472 1652 2533 tectum
1698 2468 1982 2551 undique
2029 2471 2093 2532 et
2139 2467 2351 2531 muni-

305 2563 443 2623 tum
491 2559 675 2660 quasi
731 2579 877 2622 arca
928 2558 1243 2641 quaedam
1298 2580 1533 2644 magna
1585 2558 1990 2622 uestimentis
2045 2558 2348 2635 instrata,

308 2670 437 2730 qua
481 2648 676 2712 nimis
721 2647 898 2733 aegri
950 2652 1062 2711 aut
1116 2668 1299 2711 senes
1355 2647 1602 2731 portari
1664 2645 1967 2710 cubantes
2033 2645 2347 2711 solebant.

306 2735 450 2839 (30)
482 2757 792 2821 quaenam
821 2736 943 2800 tibi
980 2737 1183 2823 igitur
1220 2736 1535 2802 acerbitas
1574 2757 1710 2800 esse
1742 2738 1884 2799 uisa
1921 2739 2037 2818 est,
2075 2733 2293 2818 quod
2274 2756 2350 2798 m

306 2828 405 2892 ius
444 2830 674 2890 uocato
712 2827 1099 2911 paupertino
1137 2826 1390 2892 homini
1416 2825 1523 2890 uel
1559 2825 1756 2908 inopi,
1785 2825 1896 2908 qui
1926 2828 2038 2889 aut
2073 2822 2352 2908 pedibus

224 2944 278 2981 30
306 2916 474 2980 forte
521 2916 729 3001 aegris
768 2919 937 2981 esset
972 2919 1086 2980 aut
1123 2937 1253 2999 quo
1292 2915 1421 2979 alio
1461 2936 1612 2980 casu
1648 2913 1900 3000 ingredi
1945 2935 2079 2979 non
2115 2912 2352 2998 quiret,

304 3005 664 3088 plaustrum
735 3026 870 3069 esse
945 3004 1224 3069 dandum
1297 3003 1726 3069 censuerunt?
1799 3025 2008 3087 neque
2072 3003 2353 3067 insterni

452 3149 502 3215 1)
542 3146 612 3199 de
650 3146 743 3215 leg
745 3161 775 3199 0
816 3144 1086 3199 ΧΟΠΝ.
1143 3143 1287 3227 10313
1331 3143 1450 3213 QZ.
1616 3146 1670 3212 2)
1708 3146 1878 3197 uocat
1917 3141 2186 3196 XOHN.
2243 3158 2355 3196 uo-

306 3221 433 3271 cato
470 3217 646 3271 uerba
691 3165 810 3286 52
1029 3218 1082 3284 3)
1121 3215 1219 3283 qui
1256 3215 1317 3267 in
1354 3215 1442 3268 ius
1489 3214 1721 3269 uocabit
1774 3233 1811 3268 a
1855 3214 1992 3269 XII
2012 3215 2120 3269 tab.
2159 3215 2358 3269 aliena

306 3307 413 3344 esse
467 3290 608 3342 vidit
660 3288 880 3343 Schoell.
1063 3289 1117 3357 4)
1156 3287 1225 3353 cf.
1275 3288 1362 3341 lex
1410 3287 1547 3339 XII
1584 3287 1692 3341 tab
1726 3292 1773 3350 1,
1805 3290 1837 3339 3
1876 3287 2094 3354 (Bruns
2139 3284 2208 3351 1⁶,
2240 3289 2354 3352 17)

307 3363 359 3429 5)
397 3362 468 3426 cf.
517 3361 603 3414 lea:
639 3360 781 3413 XII
824 3358 934 3413 tab.
974 3363 1025 3424 2,
1055 3363 1087 3410 2
1136 3359 1355 3427 (Bo-uns
1389 3357 1458 3424 1⁶,
1492 3360 1594 3426 19)
1798 3360 1850 3426 6)
1890 3375 1924 3410 a
1968 3356 2178 3410 iunctis
2224 3359 2356 3415 edd.

308 3431 591 3485 adiunctis
632 3430 694 3483 X
708 3430 827 3485 ΟΠ
830 3430 907 3484 Ν.
968 3428 1178 3482 iunctis
1220 3429 1338 3499 QZ.
1561 3432 1612 3498 7)
1651 3427 1975 3498 pectoribus
2012 3428 2166 3482 codd.

306 3508 359 3573 8)
397 3501 769 3557 trahebantur
810 3502 927 3571 QZ.
1122 3503 1174 3570 9)
1211 3499 1532 3569 plaustrum
1570 3500 1842 3553 rusticum
1881 3500 2055 3557 Hertz
2091 3517 2160 3554 ex
2196 3500 2358 3557 Non.

306 3594 357 3645 p.
391 3581 457 3629 55
501 3577 670 3628 Mere.
