2650 3917
292 895 916 962 FRAGMENTVM
964 895 1202 974 QVOD
1255 894 1618 963 DIGITVR
1669 896 2334 966 DOSITHEANVMJ.

434 1037 837 1108 Fragmentum
893 1039 1045 1108 quod
1103 1037 1313 1092 dicitur
1366 1037 1779 1092 Dositheanum
1832 1037 2085 1093 alienum
2139 1056 2261 1095 esse
2299 1055 2334 1093 a

291 1108 581 1175 Dositheo,
620 1109 719 1178 qui
758 1109 988 1178 scripsit
1014 1111 1211 1164 Artem
1238 1109 1668 1180 grammaticam
1698 1109 1921 1164 saeculo
1958 1110 2076 1165 fere
2113 1114 2332 1181 quarto,

288 1183 592 1250 postquam
647 1181 960 1235 docuerunt
1006 1181 1316 1235 Boucherie
1373 1180 1625 1250 (Notices
1681 1184 1739 1235 et
1774 1181 2029 1237 Extraits
2076 1183 2176 1236 des
2213 1199 2333 1237 ma-

288 1251 533 1306 nuscrits
571 1252 643 1307 de
679 1252 738 1305 la
773 1251 921 1306 Bibl.
958 1252 1188 1308 Nation.
1226 1252 1424 1319 XXIII,
1456 1258 1505 1321 2,
1547 1257 1703 1321 1872,
1749 1271 1806 1322 p.
1837 1258 1942 1307 280
1963 1255 2085 1324 sq.),
2131 1254 2332 1308 Henri-

289 1340 387 1378 cus
432 1323 560 1378 Keil
617 1322 944 1394 (Grammat.
1002 1324 1125 1379 Lat.
1172 1324 1293 1392 Vn,
1334 1329 1491 1391 1880,
1545 1342 1602 1393 p.
1633 1330 1736 1378 372
1760 1326 1890 1394 sq.),
1946 1325 2334 1380 Krumbacher

287 1394 392 1465 (De
430 1395 721 1450 codicibus
759 1396 966 1465 quibus
1002 1397 1509 1466 interpretamenta
1545 1395 2142 1452 Pseudo-Dositheana
2166 1397 2331 1452 nobis

288 1465 503 1520 tradita
539 1469 690 1535 sunt,
721 1471 899 1537 1883),
937 1467 1106 1521 hodie
1143 1468 1294 1522 inter
1329 1484 1521 1521 omnes
1561 1469 1798 1522 constat.
1872 1468 2017 1523 illud
2052 1469 2332 1523 incertum

290 1540 400 1605 est,
456 1555 591 1590 num
637 1538 934 1608 magister,
992 1539 1092 1607 qui
1138 1541 1447 1593 tractatum
1491 1539 1631 1592 iuris
1687 1556 1817 1593 cum
1867 1539 2162 1610 discipulis
2213 1541 2331 1594 suis

289 1606 501 1662 Graece
538 1608 725 1676 vertit,
762 1609 915 1663 idem
953 1609 1029 1663 sit
1065 1612 1235 1678 atque
1271 1609 1388 1677 ille,
1426 1609 1527 1679 qui
1563 1609 1810 1665 Maximo
1848 1614 1908 1665 et
1941 1612 2095 1681 Apro
2133 1629 2330 1671 consu-

289 1679 458 1745 libus,
494 1680 557 1733 id
595 1681 682 1733 est
727 1697 873 1735 anno
913 1686 1014 1734 207
1053 1700 1108 1751 p.
1141 1679 1264 1735 Chr.
1293 1699 1367 1749 n.‚
1407 1680 1810 1752 Genealogiam
1845 1682 2060 1752 Hygini
2107 1683 2167 1736 in
2217 1701 2329 1738 ser-

285 1767 511 1805 monem
547 1749 824 1805 Graecum
860 1751 1156 1806 transtulit
1192 1752 1283 1822 (cf.
1315 1751 1477 1821 Corp.
1510 1751 1688 1806 Gloss‚
1719 1753 1813 1821 111,
1845 1760 1931 1822 56,
1953 1756 2058 1825 30).
2133 1755 2329 1823 itaque

288 1838 400 1891 quo
446 1824 701 1892 tempore
748 1822 1128 1893 fragmentum
1174 1827 1428 1878 nostrum
1477 1824 1750 1893 scriptum
1797 1823 1889 1892 sit,
1941 1824 2169 1879 aliunde
2216 1841 2329 1880 non

291 1893 431 1948 licet
468 1909 659 1947 eruere
697 1894 809 1948 nisi
847 1912 917 1948 ex
960 1894 1106 1948 libro
1153 1895 1294 1965 ipso.
1372 1897 1879 1950 commemorantur
1920 1899 2108 1950 autem
2153 1897 2216 1950 in
2262 1913 2328 1951 eo

291 1964 616 2019 Proculiani
665 1968 716 2036 (5
767 1967 872 2036 10),
921 1964 1235 2021 Octavenus
1284 1968 1335 2036 (5
1385 1971 1492 2036 13),
1539 1966 1806 2020 Neratius
1851 1965 2075 2021 Priscus
2122 1970 2174 2037 (5
2222 1970 2329 2036 15),

284 2035 539 2091 Iulianus
591 2039 640 2107 (5
683 2038 796 2107 15);
851 2037 1003 2091 unde
1059 2039 1330 2107 sequitur,
1386 2041 1453 2093 ut
1508 2041 1704 2095 auctor
1756 2041 1948 2092 noster
2003 2055 2117 2093 non
2169 2039 2329 2109 prius

288 2107 577 2176 scripsisse
632 2108 886 2178 potuerit
939 2126 1110 2178 quam
1169 2109 1357 2163 medio
1414 2109 1636 2164 saeculo
1695 2110 1939 2164 secundo
2003 2129 2060 2180 p.
2090 2109 2214 2165 Chr.
2244 2129 2326 2177 n.;

284 2196 476 2232 rursus
514 2182 705 2233 autem
741 2196 854 2234 non
890 2180 1070 2235 multo
1105 2185 1237 2250 post
1283 2199 1413 2235 eum
1447 2181 1654 2236 vixisse
1690 2181 1824 2235 inde
1876 2184 2130 2251 apparet,
2176 2182 2328 2251 quod
2412 2206 2418 2210 ·

286 2251 614 2304 manumitti
650 2268 816 2320 posse
846 2268 1053 2306 censu
1090 2252 1264 2306 etiam
1301 2268 1404 2306 sua
1434 2254 1621 2307 aetate
1648 2252 1901 2306 indicare
1928 2252 2152 2308 videtur
2180 2260 2210 2320 5
2242 2260 2325 2321 17,

288 2338 416 2375 cum
452 2321 729 2392 Ulpianus
772 2330 819 2390 1,
848 2328 882 2376 8
934 2323 1003 2377 de
1057 2323 1165 2377 hoc
1221 2340 1427 2393 genere
1481 2323 1939 2378 manumissionis
1996 2325 2158 2393 quasi
2212 2325 2326 2379 iam

289 2392 501 2447 abolito
540 2393 807 2462 loquatur
844 2395 1061 2464 (‘censu
1098 2395 1646 2450 manumittebantur
1683 2394 1818 2449 olim
1856 2395 1957 2463 qui
1994 2397 2164 2467 etc.').

430 2464 756 2533 Tractatus,
813 2466 913 2534 qui
968 2466 1116 2521 liber
1168 2466 1493 2537 regularum
1550 2467 1722 2520 fuisse
1776 2467 2001 2521 videtur
2055 2467 2145 2537 (cf.
2184 2473 2215 2533 5
2254 2471 2326 2537 3),

288 2537 575 2591 auctorem
612 2536 712 2590 alii
750 2536 927 2590 alium
965 2538 1269 2592 commenti
1307 2542 1455 2605 sunt,
1503 2555 1549 2592 e.
1589 2557 1642 2608 g.
1701 2537 1962 2593 Guiacius
1999 2538 2325 2608 Ulpianum,

286 2607 611 2661 Lachmann
658 2607 924 2675 Paulum,
979 2609 1245 2663 Huschke
1301 2608 1621 2665 Cervidium
1678 2609 2028 2677 Scaevolam,
2081 2608 2327 2665 Dirksen

288 2678 517 2745 Gaium,
565 2679 741 2748 Voigt
797 2682 855 2732 et
906 2680 1168 2735 Karlowa
1222 2680 1608 2751 Pomponium.
1699 2681 1797 2735 sed
1854 2699 1922 2734 ex
1975 2681 2192 2735 ratione
2240 2682 2326 2735 di-

287 2750 453 2804 cendi
488 2750 635 2804 nihil
681 2751 888 2805 certius
936 2751 1196 2806 concludi
1232 2755 1438 2822 potest,
1487 2769 1611 2806 cum
1648 2755 1839 2806 textus
1892 2752 2102 2807 totiens
2147 2753 2322 2807 inter-

284 2823 559 2946 fretando
606 2821 988 2877 miserabilem
1037 2824 1098 2877 in
1144 2823 1375 2878 modum
1423 2827 1715 2894 corruptus
1754 2824 1844 2877 sit.
1918 2841 2051 2878 nam
2095 2823 2324 2879 libellus

306 2893 435 2946 udis
471 2910 773 2962 puerorum
817 2893 1190 2948 multifariam
1227 2898 1505 2949 tractatus
1545 2912 1673 2949 cum
1710 2912 1878 2965 saepe
1914 2895 1975 2949 in
2014 2912 2325 2952 sermonem

288 2963 563 3018 Graecum
600 2967 910 3019 verteretur
946 2970 1004 3021 ct
1031 2966 1092 3019 in
1119 2967 1385 3021 Latinum
1421 2969 1895 3035 retroverteretur,
1933 2967 2174 3034 formam
2208 2967 2321 3037 pri-

283 3035 523 3089 mariam
570 3036 655 3090 ita
709 3037 969 3104 mutavit,
1024 3041 1091 3091 ut
1136 3040 1254 3091 arte
1311 3038 1511 3093 critica
1564 3038 1790 3094 restitui
1826 3038 1942 3092 iam
1978 3055 2089 3093 non
2125 3039 2322 3109 possit.

284 3110 466 3161 scatet
503 3108 655 3162 omni
734 3125 899 3164 encre
935 3110 1265 3165 mendarum
1305 3112 1364 3164 et
1399 3109 1617 3164 lacunis
1652 3110 1850 3178 hiscit,
1897 3127 1962 3163 ac
1999 3110 2322 3164 Lachmann

285 3196 628 3247 quamquam
797 3180 1065 3235 damenta
1134 3183 1322 3235 textus
1397 3180 1779 3237 constituendi
1852 3180 2128 3251 singulari
2191 3199 2322 3236 acu·-

282 3249 436 3304 mine
473 3250 626 3319 iecit,
661 3254 852 3305 tamen
891 3269 1018 3306 cum
1053 3251 1266 3321 ubique
1302 3253 1429 3321 ipsa
1464 3252 1635 3307 verba
1663 3252 2049 3307 iurisconsulti
2081 3252 2322 3307 Romani

286 3339 354 3374 ex
389 3320 631 3376 lectione
668 3323 884 3376 tradita
936 3323 1136 3383 elicere
1192 3325 1430 3392 studuit,
1484 3324 1614 3394 plus
1671 3325 1891 3380 efficere
1946 3327 2180 3379 conatus
2219 3329 2321 3393 est,

284 3410 457 3462 quam
491 3393 705 3447 viribus
740 3394 1004 3449 humanis
1043 3396 1309 3465 consequi
1346 3395 1498 3450 licet.

427 3464 692 3519 Traditus
723 3468 808 3519 est
834 3465 1063 3521 libellus
1094 3467 1310 3523 duabus
1347 3466 1785 3535 recensionibus,
1818 3484 2056 3536 quarum
2084 3466 2320 3522 alteram

284 3539 470 3589 servat
525 3537 699 3591 codex
752 3537 1045 3594 Leidensis
1081 3538 1390 3594 Vossianus
1443 3539 1690 3594 Graecus
1730 3539 1774 3605 Q
1817 3545 1846 3594 7
1905 3557 2048 3596 saec.
2087 3538 2152 3594 X.
2202 3542 2319 3610 (no-

1997 3630 2103 3685 27*
