2650 3917
310 116 442 184 vm
746 123 1092 183 Hvsofflm
1129 124 1544 182 PRAEFATIO
1585 128 1682 180 AD
1722 127 1834 181 Eo.
1875 127 1915 180 1.

306 298 548 373 corpori
583 299 788 356 nostro
825 295 1187 355 vindicanda
1221 297 1450 372 putavi.
1542 295 1753 370 Neque
1797 297 2013 374 igitur,
2058 302 2139 358 ut'
2166 303 2345 359 antea

300 386 387 445 ab
426 386 697 446 omnibus
737 385 1032 444 eiusmodi
1078 385 1496 445 collectionum
1543 385 2038 461 compositoribus
2077 388 2178 446 sed
2216 383 2343 448 sine

307 478 474 534 iusta
510 493 717 549 causa,
765 477 817 533 si
862 474 1006 551 quid
1052 474 1257 548 video,
1301 474 1646 533 factitatum
1684 475 1799 548 est,
1848 475 1924 534 ad
1961 494 2061 537 eos
2104 481 2344 537 tantum

309 563 482 625 ICtos
496 611 510 639 ,
577 566 680 639 qui
744 567 881 641 post
944 563 1319 623 Hadrianum
1382 563 1682 638 vixerunt,
1754 565 2019 623 animum
2084 565 2343 643 adverti,

311 653 415 713 sed
468 656 651 712 etiam
712 669 783 711 ex
846 654 1184 728 antiquiore
1248 651 1719 728 iurisprudentia
1774 654 1826 710 si
1888 654 2036 729 quid
2087 657 2154 714 in
2207 656 2342 717 aliis

310 742 698 819 scriptoribus
744 745 1042 817 superstes
1089 745 1206 817 est,
1255 742 1416 816 quod
1459 741 1747 801 hactenus
1797 746 2035 802 tantum
2080 762 2116 803 a
2163 744 2340 804 Dirk·

309 825 450 892 seno
503 833 750 908 propria
795 832 1142 891 collectione
1197 850 1386 890 unum
1437 830 1546 890 sub
1603 836 1981 907 conspectum
2034 833 2342 893 redactum

309 914 543 1004 erat*)‚
580 921 656 987 ad
692 940 819 979 rem
865 939 1059 980 meam
1106 923 1405 996 pertinere
1449 922 1617 979 ratus
1663 935 1810 980 sum.
1903 921 2037 982 Scio
2086 923 2342 999 quidem,

313 1012 473 1069 inter
508 1013 829 1085 utrumque
866 1027 1053 1086 genus
1088 1010 1481 1084 reliquiarum
1519 1010 1748 1084 aliquid
1784 1010 2084 1087 interesse.
2177 1010 2341 1081 Quae

285 1101 467 1158 venim
496 1093 579 1157 ex'
603 1100 931 1175 posteriore
963 1117 1108 1158 aevo
1145 1101 1394 1172 restant,
1421 1098 1706 1173 pleraque
1733 1100 1804 1156 ut
1834 1100 2079 1176 propria
2116 1103 2341 1178 scripta

310 1191 372 1247 et
417 1207 525 1248 suo
575 1190 750 1263 quasi
795 1188 1033 1248 nomine
1081 1190 1318 1247 servata
1374 1190 1538 1247 sunt:
1590 1189 1934 1263 antiquiora
1978 1191 2217 1249 tantum
2264 1190 2340 1249 ab

310 1278 449 1335 aliis
505 1276 894 1353 scriptoribus
947 1278 1305 1336 referuntur.
1402 1276 1517 1335 Sed
1562 1276 1675 1336 hoc
1729 1277 2043 1338 discrimen
2089 1298 2199 1339 nec
2234 1298 2341 1356 per

314 1368 516 1426 omnia
552 1385 763 1425 verum
799 1367 892 1425 est
927 1358 1098 1448 (nam
1135 1385 1220 1425 ex.
1259 1386 1347 1444 gr.
1387 1368 1571 1425 etiam
1608 1385 1678 1424 ex
1714 1367 2145 1442 posterioribus
2180 1369 2341 1446 frag-

306 1459 575 1514 mentum
625 1453 801 1529 iuriS,
855 1455 1014 1531 quod
1041 1451 1309 1515 'vocatur
1346 1454 1781 1514 Dositheanum
1825 1459 1889 1515 et
1930 1457 2098 1532 ipsae
2144 1458 2343 1516 Paulli

311 1544 654 1604 Sententiae
692 1544 830 1603 aliis
868 1544 1146 1619 operibus
1191 1547 1454 1604 insertae
1501 1544 1577 1603 ad
1614 1562 1721 1604 nos
1767 1539 2194 1626 pervenerunt)
2233 1564 2342 1605 nec

307 1635 549 1693 omnino
590 1633 666 1692 ad
712 1652 840 1692 rem
883 1628 1172 1708 pertinet,
1228 1652 1364 1693 cum
1408 1652 1535 1692 non·
1583 1636 1781 1693 minus
1834 1634 2056 1694 idcirco
2102 1637 2343 1695 intersit

298 1723 401 1782 vel
448 1722 681 1797 deceat,
735 1725 989 1798 utroque
1036 1723 1212 1782 modo
1250 1727 1312 1782 et
1359 1742 1428 1782 ex
1484 1726 1738 1799 utroque
1786 1742 1932 1783 aevo
1979 1743 2131 1798 quae
2167 1725 2341 1784 nobis

304 1812 533 1871 tradita
570 1814 738 1887 sunt,
775 1830 896 1871 uno
932 1830 1109 1888 opere
1130 1813 1399 1872 collecta
1434 1811 1667 1871 habere.
1758 1811 1888 1870 Imo
1925 1814 2341 1889 imperfectum

306 1903 454 1960 iuris
494 1901 689 1960 civilis
745 1903 1203 1961 anteiustiniani
1251 1905 1578 1979 syntagma
1624 1901 1815 1960 videri
1864 1901 2063 1977 debet,
2117 1904 2182 1960 in
2222 1922 2338 1978 quo

304 2010 425 2050 non
463 1991 647 2049 etiam
683 1992 986 2049 anteriora
1020 1991 1130 2049 illa
1164 1991 1365 2050 locum
1401 2007 1577 2050 suum
1614 1991 1999 2050 obtinuerint.
2086 1991 2168 2050 Et
2203 2010 2340 2051 cum

303 2083 369 2139 in
407 2081 536 2139 iure
571 2081 765 2156 magis
803 2096 896 2138 res
935 2098 1118 2155 quam
1151 2080 1337 2139 verba
1374 2081 1740 2156 spectentur,
1785 2099 1860 2139 ne
1895 2080 2050 2139 illud
2099 2080 2339 2156 quidem

304 2170 523 2228 referre
562 2167 919 2243 existimavi,
957 2172 1162 2228 utrum
1199 2170 1496 2230 sententia
1547 2170 1784 2227 tantum
1821 2188 1898 2228 an
1937 2171 2122 2228 etiam
2156 2170 2341 2230 verba

306 2259 559 2318 alicuius
594 2258 1008 2317 iurisconsulti
1051 2258 1224 2318 nobis
1260 2259 1641 2332 referrentur,
1679 2262 1740 2317 et
1774 2261 1980 2317 utrum
2014 2259 2337 2320 iudicando

303 2348 400 2407 vel
440 2366 539 2406 ore
576 2345 986 2422 respondendo
1034 2364 1166 2406 eam
1216 2349 1576 2407 sententiam
1627 2348 1973 2423 protulerit,
2026 2368 2104 2406 an
2155 2350 2339 2408 etiam

307 2438 595 2512 scriptam
629 2438 759 2512 ipse
795 2436 1121 2513 reliquerit.

442 2524 558 2585 Sed
595 2526 717 2584 alia
764 2528 1036 2601 quaestio
1076 2525 1179 2583 diu
1225 2526 1600 2601 multumque
1636 2544 1730 2584 me
1766 2528 1971 2601 torsit,
2023 2545 2177 2603 quae
2212 2546 2338 2586 ma-

302 2617 459 2673 xime
516 2615 594 2673 ad
653 2615 1065 2690 antiquiorum
1130 2615 1470 2674 litterarum
1534 2618 1919 2674 monumenta
1981 2617 2340 2691 pertinebat,

302 2704 472 2763 illam
525 2703 686 2779 dico,
743 2703 1243 2780 quemadmodum
1296 2703 1443 2763 fines
1487 2705 1646 2763 inter
1698 2704 2227 2780 iurisprudentiam
2279 2707 2339 2763 et

306 2796 564 2871 cognata
602 2795 942 2853 litterarum
979 2811 1198 2871 genera
1233 2795 1364 2871 regi
1402 2793 1699 2868 deberent,
1727 2796 1799 2852 ut
1824 2812 1934 2852 nec
1962 2794 2163 2852 aliena
2197 2796 2337 2852 mis-

305 2885 526 2958 cuisse,
563 2901 672 2941 nec
716 2884 1051 2942 necessaria
1085 2883 1180 2942 vel
1219 2886 1368 2959 apta
1417 2885 1575 2941 certe
1613 2885 1674 2941 et
1718 2883 1896 2941 utilia
1943 2885 2212 2942 omisisse
2249 2885 2338 2942 vi-

305 2970 491 3030 derer.
584 2972 738 3031 Sane
788 2971 966 3031 facile
1010 2978 1284 3047 poteram
1320 2972 1592 3050 defungi,
1629 2974 1682 3031 si
1718 2990 1923 3031 eorum
1957 2974 2196 3031 tantum
2232 2991 2337 3031 no·

303 3063 470 3120 mina
507 3079 801 3136 sequerer,
841 3063 949 3137 qui
985 3069 1047 3119 et
1080 3079 1238 3120 nunc
1273 3061 1684 3121 iurisconsulti
1717 3061 1899 3137 vulgo
1937 3061 2239 3135 feruntur,
2277 3063 2338 3119 et

302 3152 424 3209 iam
470 3151 906 3226 imperatorum
954 3153 1151 3210 aetate
1198 3150 1381 3227 vulgo
1419 3149 1781 3209 ferebantur.
1874 3148 1993 3208 Sed
2039 3150 2116 3209 ad
2160 3151 2335 3210 iuris-

445 3372 492 3442 .)
532 3372 942 3429 ‘Bruchstiicke
971 3391 1072 3428 aus
1102 3374 1212 3427 den
1243 3373 1526 3428 Schriften
1565 3374 1665 3428 der
1692 3373 2032 3430 Romischen
2067 3374 2337 3441 Juristen‚

304 3444 637 3516 gesammelt
675 3462 781 3500 von
827 3443 896 3499 Η.
926 3445 988 3499 Ε.
1017 3443 1277 3499 Dirksen.
1335 3445 1606 3515 Konigsb.
1641 3451 1796 3499 1814.
1852 3446 1926 3499 8.’
1985 3444 2154 3499 Liber
2188 3464 2339 3502 nunc

304 3515 535 3584 quidem
574 3534 685 3571 non
725 3516 1023 3583 sufficiens,
1064 3516 1162 3571 sed
1200 3515 1303 3570 illa
1343 3518 1532 3571 aetate
1571 3516 1724 3571 omni
1761 3516 1930 3571 laude
1969 3517 2192 3588 dignus.
