2650 3917
194 962 295 1011 185

335 161 464 224 328
927 159 1053 214 GAI
1088 159 1342 215 INSTlT.
1379 160 1456 213 111
1494 165 1790 215 213-219.

332 324 553 406 fracta,
591 322 702 388 sed
748 323 941 389 etiam
957 321 980 360 ¹
1025 324 1224 390 scissa
1258 327 1325 389 et
1371 323 1596 390 collisa
1641 328 1706 390 et
1750 325 1952 390 effusa
1988 328 2054 391 et
2099 347 2363 411 quoquo

334 413 526 478 modo
571 413 804 477 uitiata
848 417 962 477 aut
1016 417 1349 498 perempta
1407 417 1600 498 atque
1656 414 1970 480 deteriora
2024 414 2194 480 facta
2237 415 2364 481 hoc

333 503 533 568 uerbo
581 502 1005 567 continentur.
1098 501 1223 568 218.
1270 502 1417 569 Hoc
1460 508 1675 569 tamen
1713 504 1921 588 capite
1956 527 2088 569 non
2134 505 2364 589 quanti

333 594 402 656 in
447 613 523 656 eo
570 613 768 675 anno,
814 591 926 656 sed
979 593 1207 676 quanti
1261 592 1330 657 in
1386 592 1612 659 diebus
1674 611 1823 658 xxx
1874 592 2243 677 proxumis²
2289 616 2364 659 ea

332 703 432 746 res
480 682 676 746 fuerit
684 734 701 767 ,
749 679 1125 746 damnatur⁸
1168 683 1250 765 is,
1298 683 1410 766 qui
1457 682 1763 747 damnum
1808 682 2070 748 dederit.
2161 706 2234 749 ac
2279 706 2363 749 ne

333 769 640 855 ‘plurimi'
709 769 968 854 quidem
1039 771 1308 836 uerbum
1386 771 1687 856 adicitur3
1762 776 1826 837 et
1889 772 2032 836 ideo
2099 773 2361 857 quidam

331 862 720 943 putauenmt
766 857 1042 924 liberum
1091 881 1229 925 esse
1272 859 1506 925 iudici*
1551 860 1630 926 ad
1676 861 1743 926 id
1800 865 2053 945 tempus
2101 883 2179 926 ex
2235 863 2364 927 die·

332 950 452 1014 bus
515 967 662 1013 xxx
726 949 1236 1014 aestimationem
1309 949 1628 1036 redigere,
1703 973 1830 1036 quo
1903 948 2220 1038 plurimi}
2260 974 2362 1018 res

330 1039 476 1122 fuit,
519 1039 626 1103 uel
672 1037 752 1103 ad
788 1038 871 1122 id,
920 1035 1084 1122 quo⁵
1129 1040 1399 1104 minoris
1443 1039 1586 1104 fuit.
1679 1040 1790 1104 sed
1829 1038 2068 1106 Sabino
2115 1040 2363 1124 placuit

330 1127 598 1212 proinde
659 1126 1023 1192 habendum
1090 1149 1163 1192 ac
1227 1129 1282 1192 si
1346 1126 1579 1192 etiam⁶
1624 1128 1745 1194 hac
1806 1133 1988 1213 parte
2047 1128 2359 1213 ‘plurimi'

329 1217 599 1282 uerbum
657 1217 974 1282 adiectum
1039 1220 1230 1301 esset3
1293 1239 1444 1282 nam
1507 1216 1708 1302 legis⁷
1768 1220 2038 1285 latorem
2102 1223 2364 1284 conten-

331 1310 471 1371 tum
536 1306 762 1390 fuisse,
833 1306 998 1388 quod
1055 1307 1279 1388 prima
1338 1313 1529 1389 pao-te
1598 1328 1664 1373 eo
1725 1309 1909 1374 uerbo
1971 1329 2124 1374 usus
2190 1315 2359 1374 esset.

332 1395 456 1461 219.
507 1393 788 1461 Ceterum
853 1393 1085 1460 etiam⁸
1127 1396 1374 1480 placuit
1429 1397 1522 1462 ita
1587 1397 1841 1463 demum
1887 1419 1966 1462 ex
2028 1398 2153 1463 ista
2214 1399 2360 1485 lege

331 1486 646 1550 actionem
694 1506 857 1568 esse,
913 1485 969 1549 si
1018 1486 1162 1569 quis
1218 1506 1484 1570 corpore
1542 1508 1660 1552 suo
1727 1486 2029 1553 damnum
2093 1486 2360 1570 dederit,

329 1570 617 1656 ideoque⁹
644 1573 770 1639 alio
808 1574 1000 1639 modo
1040 1573 1274 1639 damno
1306 1575 1455 1641 dato
1492 1575 1684 1640 utiles
1721 1575 2006 1642 actiones
2045 1576 2278 1641 dantur
2290 1576 2359 1658 ²⁰,

328 1664 510 1728 uelut
556 1664 612 1729 si
658 1664 803 1748 quis
849 1662 1130 1728 alienum
1183 1663 1513 1729 hominem
1567 1668 1680 1730 aut
1719 1663 1742 1702 ¹
1797 1664 2105 1749 pecudem
2158 1666 2357 1732 inclu-

331 1753 487 1817 serit
524 1756 588 1817 et
626 1753 793 1818 fame
829 1754 1171 1833 necauerit,
1218 1757 1330 1818 aut
1377 1753 1731 1819 iumentum
1769 1759 1902 1821 tam
1947 1756 2360 1821 uehementer

331 1842 553 1928 egerit,
596 1846 672 1908 ut
715 1839 1207 1928 rumperetur¹²;
1253 1843 1412 1908 item
1449 1843 1503 1908 si
1543 1844 1688 1927 quis
1737 1844 1946 1909 alieno
1994 1867 2180 1910 seruo
2217 1867 2360 1930 per-

331 1932 630 2015 suaserit,
701 1935 776 1998 ut
840 1932 906 1995 in
981 1932 1275 1997 arborem
1349 1933 1719 1999 ascenderet
1780 1932 1888 2000 uel
1950 1935 2021 1999 in
2090 1939 2358 2019 puteum

331 2021 768 2103 descenderet,
824 2025 890 2086 et
936 2021 991 2085 is
1010 2019 1057 2058 ¹⁸
1102 2021 1500 2087 ascendendo
1547 2028 1659 2088 aut
1715 2022 2150 2089 descendendo
2198 2024 2359 2090 ceci-

332 2110 498 2177 derit
544 2116 608 2174 et
621 2109 670 2148 ¹4
716 2114 828 2175 aut
876 2114 1169 2176 mortuus
1216 2111 1415 2175 fuerit
1461 2115 1573 2176 aut
1628 2111 1844 2196 aliqua
1897 2116 2081 2197 parte
2135 2133 2358 2198 corpo—

329 2202 418 2264 ris
463 2202 673 2265 laesus
720 2200 822 2264 sit.
913 2200 1069 2265 item
1124 2204 1348 2265 contra
1359 2197 1409 2236 ¹⁵
1456 2200 1511 2264 si
1567 2202 1711 2285 quis
1765 2201 2045 2266 alienum
2100 2224 2358 2268 seruum

331 2289 409 2353 de
463 2293 660 2372 ponte
725 2293 837 2354 aut
850 2287 900 2327 ¹⁶
948 2290 1091 2373 ripa
1135 2289 1204 2354 in
1259 2289 1497 2355 flumen
1551 2290 1898 2374 proiecerit
1942 2295 2007 2356 et
2052 2290 2109 2356 is
2165 2293 2358 2358 suffo-

329 2382 509 2444 catus
604 2378 827 2463 fuerit,
916 2377 1023 2443 hic
1102 2400 1359 2463 quoque
1373 2376 1424 2416 ¹⁷
1504 2401 1772 2464 corpore
1853 2401 1970 2444 suo
2053 2381 2359 2447 damnum

475 2592 524 2660 1)
563 2590 622 2644 et
657 2588 724 2644 V.
869 2591 922 2659 2)
959 2606 1262 2659 proxumus
1298 2589 1367 2644 V.
1530 2593 1583 2660 3)
1622 2589 1856 2645 damnat
1891 2589 1957 2646 V.
2117 2593 2171 2661 4)
2208 2592 2362 2646 iudi-

330 2661 478 2716 cium
514 2661 580 2714 V.
727 2663 779 2731 5)
817 2660 968 2729 quod
1005 2661 1072 2717 V.
1220 2664 1272 2730 6)
1312 2662 1362 2715 si
1401 2661 1573 2716 etiam
1609 2664 1747 2718 Inst.
1806 2665 1893 2717 set
1929 2662 1996 2717 V.
2125 2665 2177 2733 7)
2214 2663 2269 2717 le
2312 2663 2360 2717 i-

328 2734 432 2787 bus
471 2731 535 2787 V.
682 2735 735 2804 8)
773 2736 831 2788 et
866 2732 932 2786 V.
1080 2734 1131 2802 9)
1169 2732 1409 2801 ideoque
1446 2735 1585 2789 Inst.
1641 2751 1752 2803 quo
1789 2733 1856 2788 V.
1987 2737 2073 2804 10)
2111 2734 2253 2789 dant
2344 2779 2358 2791 .

332 2807 418 2874 11)
457 2820 526 2858 an
568 2803 632 2858 V.
781 2805 867 2873 12)
905 2807 1129 2874 rumpet
1166 2804 1231 2858 V.
1382 2808 1468 2875 13)
1507 2806 1556 2859 si
1594 2804 1659 2859 V.
1844 2807 1930 2875 14)
1969 2805 2238 2862 ceciderit
2275 2808 2359 2880 et]

329 2874 568 2937 cecideri
604 2873 671 2929 V.
817 2878 904 2945 15)
941 2894 979 2945 p
1018 2875 1085 2930 V.
1142 2878 1212 2942 cf.
1248 2893 1425 2945 supra
1463 2882 1510 2943 1,
1541 2881 1627 2930 81.
1775 2878 1862 2947 16)
1900 2894 1972 2932 an
2010 2876 2076 2931 V.

331 2950 418 3018 17)
455 2946 548 3000 hic
584 2948 829 3020 quoque]
868 2964 1091 3016 quoque
1125 2947 1220 3002 hic
1256 2947 1322 3002 V.

470 3131 500 3192 ς
539 3131 660 3180 213.
715 3129 784 3195 cf.
823 3127 872 3180 Ι.
911 3132 961 3193 4,
993 3133 1041 3193 3,
1073 3132 1166 3194 14;
1207 3132 1289 3181 15.
1346 3128 1424 3181 D.
1464 3132 1513 3193 9,
1544 3133 1592 3193 2,
1623 3132 1708 3193 29,
1737 3132 1769 3181 s
1809 3128 1961 3197 (στρ.
1999 3129 2141 3197 623).

471 3204 502 3263 ς
541 3203 661 3251 219.
734 3198 803 3266 cf.
851 3200 900 3253 Ι.
939 3204 1069 3265 4,3,
1102 3204 1185 3252 16.
1262 3199 1394 3253 σοῑῑ.
1444 3204 1530 3266 12,
1561 3203 1609 3265 7,
1639 3203 1778 3253 4-3
1825 3225 1894 3245 .---
1923 3198 2059 3270 Diq.
2107 3204 2156 3266 9,
2188 3205 2237 3266 2,
2269 3205 2357 3267 27,

327 3274 503 3324 8-10
542 3267 694 3339 (τηρ.
732 3271 873 3339 623).
938 3270 1014 3323 D.
1054 3274 1103 3336 9,
1134 3276 1183 3336 2,
1215 3275 1271 3336 7,
1312 3276 1370 3336 9;
1413 3276 1473 3322 11
1488 3275 1688 3340 pr.—5
1727 3270 1880 3340 (Uzp.
1919 3272 2060 3340 614).
2127 3275 2177 3337 9,
2205 3276 2257 3338 2,
2286 3275 2356 3325 58

329 3341 482 3410 (Ner.
521 3343 592 3409 3).
652 3346 734 3406 19,
765 3346 814 3406 5,
847 3346 909 3394 11
951 3341 1161 3411 (Pomp.
1201 3344 1342 3411 325).
1399 3345 1486 3407 47,
1516 3348 1566 3404 2,
1596 3346 1661 3395 51
1703 3341 1856 3411 (Gai.
1896 3343 2038 3410 271).
2079 3346 2127 3408 9,
2161 3348 2208 3408 1,
2241 3348 2290 3408 1,
2324 3348 2356 3396 7

328 3412 481 3481 (Ulp.
521 3415 660 3478 607).
718 3417 804 3477 47,
833 3416 885 3479 3,
915 3417 964 3478 2,
994 3417 1061 3465 2ο
1098 3414 1251 3482 (Ulp.
1294 3413 1467 3482 1319).
1539 3419 1622 3480 11,
1652 3419 1704 3481 3,
1735 3418 1842 3481 3,1
1893 3414 2045 3483 (Ulp.
2087 3417 2227 3483 699).
2284 3415 2354 3482 cf.

331 3488 414 3549 11,
444 3488 491 3547 3,
522 3486 556 3535 4
585 3483 768 3551 (Paul.
792 3483 932 3552 302).
991 3488 1039 3551 9,
1069 3490 1119 3551 2,
1148 3487 1236 3550 33,
1267 3490 1293 3537 1
1326 3485 1513 3553 (Paul.
1537 3486 1710 3552 1084).
1771 3485 1829 3540 0.
1860 3489 1910 3552 3,
1938 3489 2024 3549 35,
2053 3489 2086 3539 5
2115 3486 2188 3555 (a.
2212 3490 2355 3555 293).

328 3554 451 3608 Lex
486 3553 643 3608 Rom.
684 3555 858 3624 Bwry.
900 3558 983 3607 29.
1375 3596 1380 3601 .
1969 3598 1972 3602 .
