2650 3917
869 145 994 200 ΘΜ
1028 145 1286 202 INSTIT.
1324 147 1352 200 Ι
1392 151 1687 200 129-132.
2169 145 2299 210 175

256 309 562 395 parentis.
637 309 764 375 129.
795 307 981 387 Quod
1008 310 1062 375 si
1101 311 1196 382 ab,
1218 310 1516 377 hostibus
1547 314 1773 394 captus
1809 309 2007 383 fuerit
2044 331 2298 394 parens,

258 401 558 484 quamuis
607 398 869 465 seruus¹
904 399 1190 468 hostium
1230 395 1363 483 fiat,
1407 403 1627 465 tamen
1652 399 1890 484 pendet
1917 400 2017 464 ius
2063 398 2298 466 libero-2

253 512 395 553 rum
445 493 712 574 propter
758 488 858 556 ius
905 490 1309 573 postliminii,
1353 485 1519 573 quo²
1564 489 1652 571 hi,
1700 488 1814 572 qui
1860 488 1939 554 ab
1994 487 2296 554 hostibus

253 580 427 663 capti
475 580 644 662 sunt,
692 579 748 644 si
794 578 1037 644 reuersi
1082 579 1344 662 fuerint,
1390 578 1607 644 omnia
1651 577 1925 662 pristina
1962 578 2104 642 iura
2140 578 2294 642 reci·

251 670 469 752 piunt3
516 668 735 751 itaque
780 689 1075 732 reuersus
1121 666 1392 732 habebit
1434 668 1675 734 liberos
1722 667 1791 732 in
1836 670 2184 751 potestate:
2236 668 2292 732 si

250 779 408 822 uero
456 756 593 822 illic
639 761 938 821 mortuus
984 757 1097 840 sit,
1154 760 1345 822 erunt
1390 756 1650 842 quidem
1706 756 1894 821 liberi
1952 754 2053 821 sui
2107 757 2299 839 iuris;

254 846 369 912 sed
421 850 641 910 utrum
701 867 779 909 ex
843 846 969 910 hoc
1026 849 1344 931 tempore,
1407 868 1556 930 quo·
1602 850 1896 911 mortuus
1961 848 2059 910 est
2123 845 2298 929 apud

248 936 473 1002 hostes
519 956 773 1019 parens,
818 956 902 999 an
930 956 1009 1001 ex
1046 934 1180 1018 illo,
1227 933 1392 1020 quo²
1438 936 1519 1000 ab
1565 935 1856 1000 hostibus
1904 937 2131 1018 captus
2180 938 2296 1016 est,

251 1025 537 1089 dubitari
583 1027 817 1109 potest.
910 1023 1049 1108 ipse
1073 1046 1355 1110 quoque
1399 1024 1574 1089 filius
1618 1044 1905 1108 neposne
1952 1024 2006 1086 si
2053 1025 2133 1089 ab
2179 1023 2298 1090 ho-

251 1114 465 1178 stibus
508 1117 734 1198 captus
772 1113 985 1198 fuerit,
1023 1113 1321 1179 similiter
1359 1114 1642 1179 dicemus
1687 1116 1955 1197 propter
1990 1113 2091 1180 ius
2120 1117 2297 1198 post-

249 1202 491 1267 liminii
552 1206 941 1287 potestatem
1008 1225 1264 1289 quoqne
1318 1204 1605 1288 parentis
1652 1203 1722 1267 in
1778 1223 2090 1285 suspenso
2138 1224 2296 1268 esse.

247 1292 377 1357 130.
426 1290 768 1357 Praeterea
823 1298 1058 1358 exeunt
1112 1292 1303 1360 liberi
1361 1292 1573 1357 uirilis
1630 1313 1818 1357 sexus
1875 1291 1953 1355 de
2007 1292 2294 1375 parentis

246 1384 594 1465 potestate,
634 1381 690 1446 si
727 1379 1019 1446 flamines
1050 1381 1269 1447 Diales
1307 1382 1795 1468 inaugurentur,
1842 1385 1906 1446 et
1946 1380 1954 1463 Ι
1995 1381 2293 1446 feminini
2333 1393 2404 1443 35

250 1492 474 1554 sexus,
520 1470 576 1536 si
622 1470 910 1555 uirgines
956 1469 1250 1536 Vestales
1308 1471 1658 1554 capiantur.
1750 1470 1871 1536 131.
1920 1468 2095 1535 Olim
2141 1492 2298 1555 quo-

250 1581 397 1644 que,
427 1581 558 1643 quo
598 1563 889 1643 tempore
926 1560 1206 1644 populus
1235 1559 1570 1625 Romanus
1601 1560 1667 1623 in
1695 1558 1960 1624 Latinas
1997 1560 2295 1646 regiones

250 1649 540 1716 colonias
606 1648 990 1734 deducebat,
1064 1650 1178 1732 qui
1241 1649 1424 1714 iussu
1534 1650 1775 1714 arentis
1840 1649 1908 1713 in
1973 1648 2294 1714 coloniam
2409 1659 2419 1667 “

246 1739 552 1804 Latinam
597 1759 838 1804 nomen
884 1737 1239 1823 dedissent,
1283 1737 1503 1804 desine
1549 1741 1662 1802 ant
1706 1738 1775 1802 in
1820 1740 2143 1821 potestate
2188 1760 2297 1822 pa·

247 1828 454 1894 rentis
501 1848 671 1911 esse,
736 1828 889 1911 quia
953 1828 1361 1893 efficerentur
1422 1826 1684 1894 alterius
1749 1826 2036 1892 ciuitatis
2102 1828 2293 1891 ciues.

244 1916 376 1982 132.
428 1915 768 1982 Praeterea
838 1917 1347 2002 emancipatione
1421 1917 1723 1982 desinunt
1785 1913 1977 1980 liberi
2053 1917 2122 1979 in
2184 1936 2296 2000 po-

247 2003 526 2071 testate³
572 2009 909 2090 parentum
940 2028 1094 2072 esse.
1186 2007 1297 2072 sed
1334 2006 1509 2072 filius
1557 2005 1816 2088 quidem
1864 2003 2078 2070 tribus
2122 2026 2300 2070 man-

397 2219 450 2285 1)
491 2232 653 2271 seruo
683 2215 751 2269 V.
902 2221 954 2288 2)
995 2219 1150 2287 quod
1175 2218 1242 2274 V.
1392 2221 1445 2286 3)
1481 2219 1825 2287 potestatem
1852 2216 1920 2271 V.

404 2400 434 2461 ξ
476 2400 596 2448 129.
636 2421 702 2440 =
733 2395 864 2461 I.·1,
898 2402 981 2463 12,
1012 2402 1060 2451 5.
1122 2399 1190 2465 cf.
1226 2397 1341 2451 Gai
1366 2398 1490 2466 epit.
1524 2401 1572 2463 1,
1602 2401 1651 2462 6,
1682 2400 1729 2449 2.
1777 2394 1899 2466 mp.
1923 2400 2006 2460 10,
2037 2399 2084 2448 4.
2130 2393 2297 2450 Paul.

246 2473 302 2533 2,
333 2472 420 2532 25,
453 2472 501 2519 1.
600 2482 794 2520 seruus
849 2466 1123 2541 hostium]
1181 2470 1249 2537 cf.
1288 2469 1339 2522 I.
1380 2474 1429 2533 1,
1461 2473 1510 2534 3,
1539 2473 1589 2521 4.
1664 2466 1741 2521 D.
1782 2473 1830 2533 1,
1861 2472 1911 2532 5,
1941 2472 1991 2531 5,
2024 2474 2050 2520 1
2110 2468 2295 2535 (Mar-

246 2540 397 2592 cian.
438 2538 547 2605 45).
621 2535 833 2606 pendet
868 2538 979 2611 ius]
1019 2541 1087 2607 cf.
1130 2541 1204 2596 D.
1248 2544 1332 2605 14,
1363 2544 1412 2605 6,
1446 2545 1492 2606 1,
1525 2545 1553 2592 1
1594 2538 1750 2608 (Ulp.
1789 2541 1931 2608 874).
1986 2542 2071 2603 38,
2103 2543 2151 2603 7,
2181 2543 2232 2605 2,
2262 2544 2297 2590 3

248 2609 410 2679 (Πζρ.
452 2611 630 2676 1198).
723 2608 811 2662 ius
865 2610 1228 2683 postliminii]
1284 2613 1355 2680 cf.
1413 2611 1488 2666 D.
1527 2614 1614 2676 49,
1647 2615 1730 2674 15,
1764 2613 1828 2663 19
1886 2611 2075 2679 (Paul.
2117 2611 2292 2675 1893).

248 2680 446 2736 Boeo».
486 2681 521 2734 Ζ.
560 2684 595 2732 4
649 2680 725 2733 ad
782 2681 890 2736 Cic.
931 2687 1037 2752 top.
1079 2687 1130 2750 8,
1161 2688 1227 2737 36
1284 2686 1368 2752 (p.
1400 2688 1503 2736 336
1559 2679 1638 2737 ed.
1678 2683 1912 2750 Baiter).
1982 2680 2125 2734 Fest.
2163 2696 2205 2734 8.
2244 2698 2296 2734 v.

239 2752 655 2821 postliminium
681 2769 744 2820 p.
777 2756 880 2806 218
920 2755 1139 2822 (Brwne
1172 2753 1268 2820 11⁶,
1290 2757 1397 2823 23).
1454 2754 1593 2807 Isid.
1632 2754 1766 2823 oriy.
1808 2758 1857 2818 5,
1887 2757 1974 2818 27,
2005 2756 2090 2805 28.
2131 2750 2294 2804 dubi-

248 2823 366 2878 tari
403 2822 620 2893 potest]
656 2824 725 2890 cf.
755 2822 831 2878 D.
870 2828 958 2889 49,
991 2829 1076 2892 15,
1106 2830 1191 2892 22,
1224 2831 1255 2877 2
1315 2827 1426 2879 Iul.
1460 2826 1600 2894 761).
1641 2828 1727 2891 49,
1759 2828 1843 2890 15,
1875 2828 1959 2889 12,
1991 2828 2018 2876 1
2061 2823 2290 2893 (Tryph.

252 2897 359 2964 13).
399 2898 490 2960 49,
522 2898 607 2960 15,
639 2898 704 2946 18
744 2894 898 2963 (mp.
941 2900 1118 2966 2799).
1177 2895 1306 2950 simi
1335 2895 1441 2950 ‘ter
1477 2896 1597 2967 eta]
1653 2897 1723 2963 cf.
1763 2896 1838 2950 D.
1878 2899 1965 2960 49,
1996 2898 2079 2959 15,
2112 2898 2177 2946 14
2197 2911 2293 2963 pr.

252 2967 473 3035 (Pomp.
515 2967 656 3035 424).
716 2970 801 3031 28,
833 2971 881 3032 2,
914 2971 978 3020 31
1021 2967 1209 3037 (Paul.
1242 2970 1420 3037 1626).
1668 2981 1672 2988 ·
2298 2975 2302 2982 ’

397 3043 430 3103 5
471 3041 592 3091 130.
647 3038 715 3104 cf.
766 3038 892 3107 Uzp.
926 3043 1011 3105 10,
1041 3044 1089 3093 5.
1128 3041 1287 3107 infra
1316 3044 1517 3107 1,145.
1557 3042 1757 3104 3,114.
1806 3038 1932 3091 Tae.
1962 3053 2092 3090 ann.
2124 3042 2174 3099 4,
2208 3041 2292 3090 16.

256 3109 394 3165 Gen.
438 3114 488 3175 1,
521 3114 606 3176 12,
635 3113 685 3162 9.
740 3109 890 3164 Plut.
922 3111 1093 3166 Num.
1127 3117 1193 3165 10
1230 3111 1448 3182 (Bmm
1481 3109 1551 3176 1⁶,
1574 3111 1646 3179 9).
1702 3110 1952 3164 Ambrae.
1991 3109 2057 3163 de
2091 3108 2292 3179 viryin.

256 3186 305 3247 1,
334 3187 390 3247 4,
421 3187 503 3234 15.
562 3181 713 3250 epist.
755 3182 831 3238 ad
877 3182 1151 3239 Valentin.
1191 3184 1239 3238 Ι.
1280 3187 1368 3249 18,
1399 3188 1481 3236 11.
1548 3193 1551 3196 ’

399 3257 430 3317 g
474 3255 592 3305 131.
650 3253 720 3319 cf.
763 3253 871 3307 Cic.
919 3270 1030 3322 pro
1087 3254 1240 3310 anc.
1279 3259 1367 3320 33,
1397 3257 1480 3307 98.
1546 3269 1656 3321 pro
1712 3252 1868 3305 domo
1925 3254 2011 3319 30,
2044 3255 2126 3304 78.
2184 3266 2298 3320 pro

255 3324 440 3449 51³¹}
478 3328 565 3388 11,
595 3328 824 3388 27-13,
856 3329 940 3379 31.
1033 3326 1224 3381 Boeth.
1262 3327 1298 3380 l.
1339 3331 1370 3377 2
1427 3325 1502 3380 ad
1559 3324 1666 3379 Cic.
1723 3329 1830 3391 top.
1869 3328 1921 3389 4,
1953 3328 2019 3378 18
2076 3325 2159 3391 (p.
2190 3327 2291 3376 302

325 3437 335 3447 .
437 3395 579 3449 aiter
604 3437 616 3449 .
799 3419 803 3448 2

399 3471 431 3531 ἓ
473 3396 599 3521 132.>
650 3467 721 3533 cf.
764 3461 893 3522 Gai.
930 3468 1057 3535 epit.
1101 3471 1149 3534 1,
1180 3473 1229 3533 6,
1261 3472 1309 3521 3.
1376 3467 1502 3537 Ulp.
1544 3470 1629 3534 10,
1661 3472 1709 3518 1.
1748 3466 1797 3524 Ι.
1845 3472 1890 3532 1,
1920 3471 2007 3534 12,
2037 3472 2085 3519 6.
2138 3465 2295 3532 infra

260 3541 307 3603 1,
339 3542 458 3591 135.
509 3541 711 3601 2141.
762 3543 813 3604 3,
842 3543 890 3590 6.
930 3544 981 3603 4,
1015 3543 1100 3593 79.
1155 3539 1230 3593 D.
1261 3543 1349 3604 28,
1379 3544 1427 3605 3,
1458 3544 1508 3604 8,
1540 3545 1566 3591 1
1628 3537 1781 3606 (τηρ.
1813 3540 1991 3608 2510).
2052 3537 2110 3593 0.
2141 3541 2190 3602 8,
2220 3541 2295 3592 48
