2650 3917
604 144 704 198 AD
744 143 980 198 GAIVM
1014 142 1369 197 PRAEFAT.
1408 142 1754 198 HVSGHKH
1788 143 1903 198 ΕΙ).
1940 144 1981 199 Ι.
2184 144 2308 209 137

274 313 513 387 folium,
560 313 718 389 quod
764 311 1089 389 aliquando
1136 311 1452 387 exciderat,
1488 312 1685 372 alieno
1721 313 1853 373 loco
1891 333 1929 373 a
1972 312 2313 392 bibliopega

270 405 642 476 restitutum,
670 401 834 478 quod
861 401 1081 461 accidit
1108 393 1423 484 (quicquid
1454 402 1827 462 contradicat
1842 396 2274 485 Boeckingius)
2288 398 2310 435 ¹

274 512 349 551 ex
395 491 777 551 Heimbachii
823 495 884 550 et
928 510 1062 550 mea
1107 493 1405 551 sententia
1452 494 1510 565 2,
1543 492 1713 551 65-
1724 493 1824 566 79,
1869 496 1940 551 ut
1984 492 2177 552 simile
2222 495 2311 552 11-

269 581 429 640 tium
493 596 727 641 taceam
792 580 869 640 ad
927 582 1141 656 3,138
1191 599 1228 639 a
1272 599 1368 639 me
1416 536 1534 659 [ed.
1574 574 1643 659 5]
1693 580 2042 640 indicatum.
2135 579 2313 657 Quid,

271 671 438 748 quod
467 674 530 731 et
554 673 717 731 totas
762 672 1091 730 sententias
1127 669 1430 729 interdum
1468 671 1690 744 omisit,
1720 670 1885 729 velut
1922 664 2039 749 [611.
2072 664 2139 750 5]
2183 674 2240 745 1,
2271 675 2307 732 6

268 763 333 820 et
376 763 521 820 ante
581 762 682 820 18.
733 761 791 833 2,
822 760 967 818 269.
1058 758 1203 818 Noli
1265 778 1408 818 vero
1471 759 1710 835 opinari
1771 759 2037 819 omnium
2098 761 2311 819 horum

267 851 560 910 vitiorum
628 849 828 925 ipsum
894 848 1112 908 codicis
1167 847 1526 908 Veronensis
1592 847 1941 923 scriptorem
2004 852 2311 908 auctorem

264 940 470 1000 fuisse.
563 937 637 997 In
702 937 858 996 libro
922 937 1102 996 toties
1166 938 1539 1014 maximeque
1601 939 1910 1012 iuvenum,
1974 940 2080 1014 qui
2134 938 2310 998 facile

266 1026 748 1104 decipiebantur,
795 1028 859 1084 in
905 1045 1078 1086 usum
1128 1025 1425 1103 descripto
1479 1027 1639 1086 haud
1694 1045 1889 1103 pauca
1944 1028 2072 1088 sine
2128 1027 2309 1087 dubio

266 1118 669 1193 antiquiorem
726 1116 1064 1176 habuerunt
1127 1107 1484 1193 originem⁹z
1547 1115 1612 1174 id
1668 1115 1823 1192 quod
1882 1117 2310 1195 circumspecto

264 1209 479 1266 critico
527 1205 591 1263 in
635 1206 732 1263 his
785 1207 1138 1282 praesertim
1192 1204 1522 1265 notandum
1587 1208 1702 1280 est,
1767 1225 1919 1282 quae
1984 1206 2311 1283 aliquando

264 1295 617 1356 exciderunt
662 1297 722 1354 et
777 1294 854 1354 ad
916 1296 1249 1372 marginem
1309 1295 1601 1354 librorum
1655 1295 1815 1354 alius
1870 1295 2026 1354 forte
2081 1295 2309 1357 formae

261 1386 724 1465 longiorumque
782 1401 1061 1443 versuum
1116 1383 1391 1460 suppleta
1448 1388 1660 1459 postea
1719 1385 1913 1444 alieno
1959 1384 2091 1445 loco
2134 1385 2308 1446 resti·

262 1477 401 1534 tuta
447 1476 592 1533 sunt
628 1472 727 1532 vel
771 1475 1093 1549 perierunt.
1130 1503 1217 1514 —
1256 1472 1489 1532 Habuit
1533 1474 1716 1532 codex
1759 1474 1936 1533 initio
1986 1476 2109 1535 129
2159 1474 2309 1533 folia

261 1564 494 1623 formae
543 1561 872 1638 quadratae
926 1561 1182 1639 mediae,
1247 1562 1473 1640 pagina
1537 1581 1771 1638 quaque
1825 1562 2175 1639 plerumque
2224 1566 2306 1622 24

261 1671 493 1727 versuS,
554 1668 731 1712 versu
779 1653 859 1712 39
923 1650 1027 1711 3611
1087 1655 1147 1711 et
1201 1650 1281 1709 ad
1327 1653 1411 1710 45
1474 1651 1708 1712 litteras
1768 1653 2127 1712 continente.
2218 1653 2310 1712 Ex

261 1743 357 1801 his
403 1744 531 1801 tria
578 1741 726 1801 folia
770 1740 949 1817 plane
994 1740 1306 1817 deperdita
1354 1743 1511 1815 sunt,
1556 1741 1724 1801 salvo
1769 1744 1972 1802 tamen
2025 1742 2201 1801 initio
2249 1745 2311 1800 et

261 1831 380 1890 fine
427 1831 645 1908 operis,
694 1832 754 1888 et
798 1833 868 1888 ut
913 1849 1098 1889 unum
1143 1848 1348 1889 eorum
1394 1849 1547 1906 quae
1594 1829 1940 1890 continebat
1984 1832 2197 1890 saltem
2239 1851 2308 1890 ex

263 1923 441 1996 parte
489 1919 733 1979 aliunde
779 1920 990 1979 sarciri
1035 1923 1277 1996 possent
1313 1911 1445 1999 (lib.
1483 1918 1578 1978 HI
1620 1912 1802 2001 init).
1895 1918 2058 1990 Quae
2105 1939 2306 1996 super-

264 2013 408 2069 sunt
453 2009 620 2084 folia,
667 2008 913 2068 turbato
960 2008 1166 2068 ordine
1212 2007 1528 2083 deletaque
1564 2009 1763 2086 priore
1809 2011 2106 2086 scriptura
2151 2028 2305 2069 novo

263 2099 458 2159 codici
505 2100 808 2158 variorum
853 2097 1208 2174 Hieronymi
1255 2116 1500 2174 operum
1556 2098 1829 2158 faciendo
1888 2099 2307 2174 inservierunt,

260 2190 353 2247 ita
398 2190 471 2247 ut
515 2189 727 2264 paucis
774 2188 1036 2263 exceptis
1083 2187 1290 2262 semel,
1352 2188 1589 2246 circiter
1644 2191 1892 2262 quartae
1946 2206 2086 2247 vero
2132 2188 2306 2248 folio-

261 2297 398 2336 rum
444 2278 612 2353 parti
667 2275 815 2336 adeo
859 2276 953 2336 bis
998 2294 1157 2335 nova
1211 2276 1509 2351 scriptura
1562 2279 1982 2352 imponeretur.
2073 2276 2302 2337 Lectio-

262 2386 401 2425 nem
447 2367 761 2442 praeterea
816 2366 1126 2441 frequente
1181 2365 1468 2443 siglarum
1526 2367 1651 2426 sive
1705 2369 1983 2425 notarum
2038 2386 2150 2426 usu
2194 2369 2304 2426 im-

261 2456 547 2532 pediente
594 2474 664 2514 ex
711 2473 915 2513 earum
962 2472 1203 2532 genere,
1250 2473 1404 2531 quae
1454 2463 1591 2514 ante
1636 2455 2037 2515 Iustinianum
2081 2458 2143 2514 in
2192 2475 2304 2516 usu

261 2546 449 2619 fuere,
494 2562 868 2620 quarumque
912 2543 1170 2603 indicem
1214 2544 1607 2604 utilissimum
1644 2543 2017 2605 Goeschenus
2055 2545 2306 2605 editioni

262 2652 407 2694 suae
454 2632 691 2710 adiecit,
737 2632 1076 2692 mirandum
1121 2652 1240 2692 non
1286 2637 1395 2708 est,
1444 2633 1604 2709 quod
1648 2653 1717 2693 ex
1761 2637 1933 2694 tanto
1987 2634 2305 2713 naufragio

260 2741 374 2783 nec
417 2721 802 2799 peritissimis
847 2721 1253 2782 urinatoribus
1305 2723 1508 2785 omnia
1544 2723 1798 2800 contigit
1842 2742 2094 2784 servare.
2177 2723 2303 2783 Nec

258 2817 466 2872 tamen
511 2812 773 2870 multum
816 2811 982 2870 ultra
1043 2810 1336 2871 decimam
1389 2815 1623 2886 partem
1678 2813 1872 2889 operis
1925 2813 2186 2887 interiit,
2242 2816 2301 2872 et

259 2920 401 2962 cum
437 2899 672 2976 aliquid
710 2919 781 2960 ex
820 2900 1172 2974 Collatione,
1208 2920 1281 2960 ex
1314 2900 1666 2960 Alariciana
1702 2901 2001 2977 Epitoma,
2048 2901 2304 2978 denique

258 3011 333 3050 ex
379 2989 707 3050 Iustiniani
764 2989 1252 3050 Institutionibus
1312 2993 1377 3049 et
1421 2989 1685 3069 Digestis
1742 2990 1947 3066 potuit
2008 2992 2304 3066 resarciri,

407 3178 462 3246 1)
502 3175 613 3231 Sed
649 3175 767 3230 iam
802 3177 1031 3232 veritati
1082 3178 1363 3233 concessit
1409 3179 1495 3233 611.
1535 3183 1585 3232 5.
1657 3178 1871 3232 Rursus
1917 3181 2109 3233 tamen
2153 3178 2302 3247 prio-

259 3264 380 3303 rem
417 3248 542 3303 cius
581 3264 613 3302 0
656 3247 904 3302 inionem
941 3248 1190 3318 suscepit
1225 3249 1329 3304 Th.
1358 3249 1736 3304 Mommsenus
1776 3249 1940 3319 epist.
1979 3249 2302 3319 0111111166-

262 3320 437 3375 missa
473 3319 561 3373 611.
640 3319 760 3373 tud.
800 3319 893 3403 [-==
922 3319 1038 3375 Jur.
1069 3319 1222 3376 Schr.
1248 3320 1317 3389 ΙΙ,
1348 3325 1414 3374 41
1430 3322 1551 3393 sq..]
1698 3323 1751 3391 2)
1788 3321 1978 3376 Etiam
2016 3337 2083 3375 ea
2120 3338 2303 3375 exem-

263 3390 462 3460 plaria,
491 3390 698 3461 quibus
724 3391 1025 3446 Iustiniani
1043 3391 1143 3461 qui
1170 3394 1604 3462 composuerunt
1620 3392 2012 3448 Institutiones
2034 3392 2123 3447 usi
2152 3395 2301 3460 sunt,

265 3464 541 3530 quaedam
602 3463 870 3518 habuisse
923 3465 1129 3518 menda
1182 3481 1312 3519 cum
1365 3464 1567 3519 Veron.
1616 3463 1673 3519 Ο.
1722 3465 2055 3530 communia,
2110 3465 2302 3518 notavi

268 3533 447 3608 [ed.5]
488 3534 633 3603 61112,
656 3539 739 3589 94.
781 3539 982 3603 3,196;
1021 3541 1141 3591 217.
1181 3542 1233 3604 4,
1261 3542 1349 3591 82.
1403 3536 1517 3590 vid.
1557 3536 1731 3591 etiam
1768 3544 1820 3605 4,
1851 3542 1943 3605 723
1984 3541 2077 3604 73,
2116 3542 2238 3590 112.
