2650 3917
885 932 1346 1007 DOMITIVS
1405 932 1904 1006 VLPIANVS.

1369 1212 1417 1278 Ι.

385 1375 613 1441 VLPI
605 1376 749 1440 AN
742 1374 792 1439 I
830 1374 1125 1440 LIBER
1171 1372 1400 1440 SING
1414 1372 1749 1439 VLARIS
1784 1373 1982 1440 ΒΕΘ
1996 1375 2246 1442 VLAR
2260 1377 2422 1444 VM.

831 1513 1149 1569 EDITOR
1160 1514 1285 1594 VM
1315 1513 1620 1568 PRAEM
1621 1512 1733 1566 ΟΝ
1729 1515 1772 1568 Ι
1770 1515 1822 1567 Τ
1826 1513 1952 1568 VM
1949 1556 1960 1566 .

505 1622 769 1708 Ulpiani
813 1623 979 1687 liber
1015 1623 1381 1708 singularis,
1399 1622 1795 1707 Regularum
1835 1624 2085 1709 integer
2123 1625 2205 1688 ad
2245 1631 2423 1691 aeta-

329 1725 338 1732 '
370 1718 502 1778 tem
546 1716 837 1777 nostram
873 1734 1005 1778 non
1046 1713 1355 1796 pervenit.
1414 1711 1725 1775 habemus
1764 1713 2114 1795 epitomam
2154 1718 2419 1780 saeculo

373 1806 602 1887 quarto
659 1802 1045 1883 confectam,
1105 1800 1293 1865 initio
1353 1805 1418 1864 et
1470 1801 1598 1864 fine
1654 1801 1949 1865 mutilam
2007 1800 2210 1888 (infra
2266 1827 2420 1891 pag.

370 1888 756 1977 442—490)
804 1895 869 1955 et
913 1891 1277 1976 fragmenta
1322 1890 1449 1953 duo
1497 1890 1747 1952 minora
1793 1889 2032 1955 tradita
2083 1892 2154 1955 in
2204 1890 2422 1958 Colla-

333 1982 548 2045 -tione
595 1984 659 2043 et
707 1978 992 2065 Digestis
1040 1976 1240 2065 (infra
1284 2001 1429 2063 pag.
1469 1976 1648 2064 491).

503 2067 901 2155 Regularum
947 2067 1306 2152 Epitome
1355 2071 1604 2131 servata
1663 2070 1761 2130 est
1823 2067 2041 2132 codice
2088 2068 2424 2138 Vaticano

370 2157 657 2242 Reginae
729 2158 899 2221 1128
958 2178 1117 2221 saec.
1164 2154 1242 2221 X.
1305 2157 1374 2220 in
1432 2154 1640 2220 Gallia
1691 2156 2040 2220 admodum
2106 2160 2422 2226 mendose

371 2250 632 2311 exarato
681 2243 900 2333 (nobis
941 2242 1050 2331 V),
1105 2246 1295 2310 unico
1344 2245 1722 2329 eodemque,
1787 2266 1915 2328 quo
1963 2247 2068 2309 usi
2115 2253 2269 2313 sunt
2317 2248 2425 2314 Io-

369 2337 613 2401 hannes
660 2334 866 2399 Tilius
913 2333 1049 2421 (Du
1095 2332 1338 2420 Tillet),
1385 2333 1721 2418 episcopus
1768 2332 2170 2419 Parisiensis,
2229 2339 2421 2405 cuius

369 2430 527 2490 tunc
565 2423 767 2489 codex
803 2424 951 2505 fuit,
994 2425 1062 2487 in
1094 2423 1378 2507 paranda
1416 2422 1696 2486 editione
1732 2423 2026 2508 principe
2061 2423 2426 2494 Parisiensi

370 2536 423 2578 a.
465 2512 656 2597 1549,
704 2515 767 2577 et
804 2511 957 2576 Tilii
994 2511 1306 2578 beneficio
1344 2509 1622 2577 Iacobus
1661 2508 1960 2576 Cuiacius
2006 2512 2075 2576 in
2124 2514 2422 2583 editione

369 2626 422 2667 a.
466 2601 638 2666 1586
684 2601 951 2666 Parisiis
996 2599 1242 2684 publici
1287 2600 1444 2665 iuris
1491 2599 1663 2665 facta
1676 2599 1714 2663 ¹.

505 2690 736 2756 Codice
782 2689 1097 2754 Vaticano
1146 2690 1557 2753 continentur
1599 2690 1710 2753 fol.
1753 2689 2069 2754 1--190b
2107 2691 2247 2757 Lex
2286 2693 2428 2759 Ro-

367 2803 558 2845 mana
585 2778 1097 2863 Visigothorum,
1133 2777 1241 2842 fol.
1276 2777 1734 2843 lech-2021>
1772 2777 1978 2842 Tituli
2020 2802 2100 2844 ex
2139 2803 2424 2867 corpore

367 2868 653 2952 Ulpiani,
707 2868 817 2932 fol.
866 2867 1319 2933 2032—21110
1375 2865 1587 2931 Notae
1643 2867 1818 2949 iuris,
1879 2889 2044 2950 quae
2106 2870 2427 2939 dicuntur

514 3063 565 3129 1)
604 3060 755 3129 quod
812 3060 1215 3113 demonstravit
1271 3058 1534 3130 savigny,
1592 3060 1830 3130 Allgem.
1888 3061 2426 3139 Literaturzeitung

392 3134 550 3199 1812)
588 3131 753 3183 Num.
796 3136 915 3185 115.
957 3137 1057 3185 116
1098 3134 1186 3199 (--
1216 3130 1570 3185 Vermischte
1611 3131 1892 3186 Schriften
1932 3133 2002 3198 V,
2041 3139 2321 3208 81—103)
2361 3144 2426 3193 et

411 3203 771 3256 ivilistisches
835 3201 1096 3271 Magazin
1160 3201 1238 3254 IV
1287 3203 1469 3270 (1813)
1533 3202 1699 3256 Num.
1748 3202 1876 3256 xm
1932 3207 2022 3273 (=
2051 3205 2424 3265 Vermischte

369 3273 650 3328 Schxiften
678 3273 769 3339 m,
792 3275 1040 3341 28-56).
1116 3272 1234 3326 eius
1274 3272 1614 3326 sententiam
1649 3274 1729 3326 im
1769 3275 2007 3343 ugnavit
2041 3276 2107 3330 G.
2129 3278 2193 3331 E.
2218 3279 2422 3335 Heim-

367 3344 530 3410 bach,
583 3332 735 3397 Uber
770 3344 1007 3413 Ulpians
1053 3344 1390 3412 Fragments
1430 3346 1591 3412 (1834
1625 3366 1638 3409 3
1750 3346 2133 3403 eimbachium
2189 3352 2426 3407 refelle-

367 3417 499 3468 runt
556 3414 818 3483 Savigny,
884 3414 1149 3468 Zeitschx.
1206 3414 1244 3467 f.
1300 3414 1566 3484 geschich
1620 3415 1742 3469 'che
1803 3416 2426 3479 Rechtswissenschafl:

366 3485 444 3539 IX
480 3487 680 3554 (1838),
719 3490 998 3538 157—173
1046 3488 1134 3554 (=
1164 3484 1349 3539 Verm.
1381 3486 1532 3540 Schr.
1569 3486 1662 3553 ΠΙ,
1693 3491 1926 3558 57—75)
1975 3493 2035 3544 et
2072 3491 2306 3548 Vahlen
2355 3496 2424 3550 in

368 3556 720 3625 praefatione
758 3554 1023 3609 editionis
1062 3572 1195 3609 suae
1232 3573 1363 3626 pag.
1402 3557 1448 3609 X
1468 3574 1549 3625 sq.
