2650 3917
840 163 900 230 Q.
942 163 1212 219 Mvclvs
1253 164 1647 221 soAEvoLA„
2180 154 2272 230 19·

224 324 371 389 nuis
417 326 679 392 oriundi
725 328 920 391 sunt'.
1009 349 1092 392 ne
1130 327 1198 391 id
1245 328 1505 412 quidem
1544 328 1701 393 satis
1740 331 1855 392 est.
1949 326 2261 405 ‘Quorum

225 416 543 480 maiorum
588 438 776 483 nemo
815 418 1193 481 seruitutem
1232 418 1545 482 seruiuit'.
1620 418 1802 482 abest
1840 418 2036 482 etiam
2071 439 2272 494 nunc.

228 502 374 580 ‘Qui
431 505 644 589 capite
715 527 850 570 non
913 509 1065 570 sunt
1125 506 1487 572 deminuti'.
1578 505 1704 572 hoc
1766 508 2040 572 fortasse
2106 507 2261 571 satis

225 596 334 658 est,
429 594 597 659 nihil
642 594 813 659 enim
869 595 1060 660 uideo
1111 594 1489 660 Scaeuolam
1542 595 1919 681 pontificem
1967 596 2048 660 ad
2091 596 2260 660 hanc

224 682 665 748 definitionem
712 681 1050 749 addidisse
1098 722 1185 731 —-
1235 684 1362 751 Cic.
1407 691 1526 767 top.
1567 686 1626 763 6,
1666 685 1769 750 29.
2311 709 2339 750 5

742 878 897 932 ALI
900 878 1148 945 VNDE,
1197 878 1303 934 VT
1344 878 1729 935 VIDETVR.

352 970 408 1034 9.
446 966 816 1052 Pontifices,
843 974 920 1034 ut
957 968 1030 1046 Q.
1060 969 1371 1035 Scaeuola
1405 970 1701 1054 pontifex
1738 970 2058 1035 maximus
2097 968 2259 1034 dice-

221 1057 347 1143 bat,
377 1081 416 1122 a
441 1080 634 1144 posse
663 1064 728 1122 et
753 1058 963 1125 facere
991 1063 1067 1124 ut
1092 1057 1444 1143 potifices.¹
1473 1097 1557 1106 —
1593 1059 1794 1125 Vwrro
1822 1060 1897 1124 de
1928 1059 1966 1123 l.
1995 1058 2033 1122 l.
2062 1057 2126 1142 5,
2154 1058 2256 1122 83.

353 1147 443 1212 10.
492 1148 791 1232 Praetor,
837 1149 951 1233 qui
996 1152 1139 1214 tum
1188 1146 1295 1234 (sc,
1343 1148 1566 1213 diebus
1620 1149 1809 1213 fastis
1860 1147 1988 1213 tria
2031 1145 2258 1233 uerba)

220 1236 393 1301 fatus
454 1241 580 1320 est,
646 1237 702 1302 si
755 1238 1130 1322 imprudens
1192 1237 1374 1321 fecit,
1437 1239 1750 1323 piaculari
1813 1237 2029 1302 hostia
2087 1237 2259 1301 facta
2286 1262 2343 1302 10

222 1326 464 1410 piatu13
523 1325 579 1390 si
625 1326 909 1410 prudens
966 1327 1158 1411 dixit,
1216 1324 1286 1402 Q.
1335 1326 1591 1392 Mucius
1648 1324 1900 1391 aiebat²
1953 1348 2100 1390 eum
2156 1348 2260 1390 ex-

221 1415 385 1499 piari
431 1418 510 1479 ut
553 1415 830 1500 impium
875 1437 1009 1480 non
1052 1437 1262 1500 posse.
1307 1453 1398 1462 —
1456 1416 1658 1482 Vafrro
1704 1417 1781 1482 de
1824 1416 1862 1480 l.
1891 1416 1930 1480 l.
1970 1415 2031 1501 6,
2069 1414 2171 1481 30.

351 1505 433 1569 11.
484 1502 751 1569 Praeter
821 1506 1096 1569 multam
1159 1526 1314 1569 uero
1383 1504 1829 1569 affirmabatur
1902 1527 2075 1589 eum,
2149 1503 2261 1588 qui

220 1593 465 1658 talibus
532 1593 760 1658 diebus
817 1593 924 1681 (sc,
980 1592 1191 1680 feriis)
1252 1594 1629 1679 imprudens
1694 1593 1941 1679 aliquid
2005 1592 2262 1679 egisset,

220 1704 418 1767 porco
479 1682 812 1767 piaculum
868 1683 1019 1748 dare
1076 1683 1334 1769 debere3
1389 1684 1773 1768 prudentem
1829 1682 2074 1768 expiari
2127 1703 2260 1746 non
2290 1706 2340 1746 15

219 1794 410 1857 posse
459 1770 772 1837 Scaeuola
814 1772 1110 1857 pontifex
1166 1773 1606 1838 adseuerabat.
1668 1811 1744 1821 —
1804 1771 2087 1838 Macrob.
2125 1771 2259 1837 Sat.

352 1952 446 2017 12.
496 1912 808 2016 Scaeuola
882 1950 1157 2036 denique
1231 1952 1565 2017 consultus
1575 2002 1594 2035 ,
1667 1951 1825 2035 quid
1896 1951 2079 2015 feriis
2152 1951 2260 2036 agi

221 2039 475 2124 liceret,
523 2039 885 2124 respondit,
934 2040 1108 2125 quod
1164 2040 1693 2126 praetermissum
1755 2045 2041 2105 noceret:
2107 2061 2258 2124 qua·

221 2134 488 2214 propter
558 2129 617 2193 si
681 2128 799 2194 bos
868 2130 940 2193 in
1004 2151 1267 2231 specum
1334 2129 1674 2195 decidisset
1739 2151 2013 2214 eumque
2075 2133 2260 2213 pater
2286 2154 2340 2192 20

220 2219 505 2283 familias
544 2216 856 2283 adhibitis
895 2219 1110 2303 operis
1147 2219 1504 2303 liberasset,
1541 2240 1674 2283 non
1710 2223 1809 2282 est
1845 2219 2027 2283 uisus
2064 2218 2258 2282 ferias

220 2308 562 2392 polluisse3
607 2329 728 2372 nec
772 2307 912 2392 ille,
958 2308 1070 2392 qui
1115 2308 1367 2372 trabem
1414 2307 1570 2372 tecti
1614 2307 1888 2371 fractam
1934 2306 2259 2373 fulciendo

219 2398 299 2462 ab
329 2396 703 2462 imminenti
739 2396 1099 2462 uindicauit
1131 2398 1337 2461 ruina.
1372 2434 1448 2443 -
1482 2398 1766 2462 Macrob.
1795 2396 1929 2463 Sat.
1953 2397 2010 2483 1,
2034 2396 2136 2483 16,
2158 2398 2259 2462 11.

352 2487 443 2551 13.
495 2484 623 2551 Sed
687 2486 1141 2572 adrogationes
1195 2507 1331 2550 non
1392 2490 1635 2550 temere
1679 2508 1799 2551 nec
1861 2487 2260 2571 inexplorate

222 2576 751 2660 committuntur3
793 2597 947 2639 nam
994 2575 1259 2640 comitia
1304 2576 1568 2641 arbitris
1613 2576 2036 2660 pontificibus
2082 2597 2261 2660 prae-
2289 2599 2339 2638 25

220 2664 487 2748 bentur,
543 2685 708 2748 quae
763 2664 1009 2728 curiata
1065 2664 1502 2750 appellantur,
1559 2670 1863 2750 aetasque
1919 2665 2086 2750 eiuS,
2146 2664 2259 2748 qm·

221 2755 536 2841 adrogare
583 2751 748 2839 uult,
794 2776 877 2817 an
921 2753 1144 2818 liberis
1192 2754 1412 2838 potius
1471 2753 1821 2840 gignundis
1878 2754 2109 2819 idonea
2155 2753 2259 2837 sit,

222 2844 521 2928 bonaque
562 2842 719 2926 eius,
756 2843 869 2927 qui
906 2843 1276 2929 adrogatur,
1321 2865 1403 2907 ne
1441 2842 1749 2907 insidiose
1787 2843 2071 2928 adpetita
2109 2842 2259 2927 sint,

222 2932 699 3016 consideratur,
772 2932 1350 3016 iusqueiurandum
1422 2954 1461 2996 a
1525 2930 1597 3034 Q.
1653 2932 1869 2997 Mucio
1952 2931 2258 3016 pontifice

220 3023 505 3087 maximo
561 3025 948 3107 conceptum
1008 3021 1272 3105 dicitur,
1320 3021 1495 3106 quod
1539 3021 1609 3085 in
1664 3021 2032 3107 adrogando
2088 3021 2256 3085 iura·
2286 3045 2338 3084 so

222 3117 413 3177 retur.
468 3148 546 3158 —
606 3109 863 3195 Gdl.5,
903 3110 1005 3194 19,
1043 3112 1237 3177 5—7.

349 3202 601 3266 14..
649 3199 907 3285 saepe',
970 3199 1188 3284 inquit
1231 3200 1451 3264 Publii
1496 3199 1703 3283 filius,
1768 3199 1872 3263 ex
1900 3203 2106 3301 patre
2152 3221 2258 3262 au-

226 3290 354 3355 diui
419 3289 806 3376 pontificem
869 3290 1114 3353 bonum
1177 3290 1502 3353 neminem
1568 3311 1724 3373 esse,
1787 3288 1916 3353 nisi
1980 3289 2092 3373 qui
2157 3288 2259 3353 ius

298 3557 311 3568 .
362 3487 424 3611 12,
452 3483 718 3555 potificcs
746 3484 1047 3538 Turnebus.
1084 3482 1379 3552 pontifices
1408 3483 1559 3537 codd.
1709 3485 1763 3552 2)
1802 3481 1994 3536 aiebat
2011 3481 2256 3552 Spenyel.

226 3555 385 3629 abige
427 3560 492 3611 at
527 3555 685 3611 codd.

1870 3640 1943 3696 20
