<?xml version="1.0" encoding="UTF-8"?>
<!DOCTYPE html PUBLIC "-//W3C//DTD XHTML 1.0 Transitional//EN"
    "http://www.w3.org/TR/xhtml1/DTD/xhtml1-transitional.dtd">
<html xmlns="http://www.w3.org/1999/xhtml" xml:lang="en" lang="en">
 <head>
  <title>
</title>
<meta http-equiv="Content-Type" content="text/html;charset=utf-8" />
  <meta name='ocr-system' content='tesseract 3.04.00' />
  <meta name='ocr-capabilities' content='ocr_page ocr_carea ocr_par ocr_line ocrx_word'/>
</head>
<body>
  <div class='ocr_page' id='page_1' title='image "./ivrisprvdentiae00kbgoog/ivrisprvdentiae00kbgoog_0392.png"; bbox 0 0 2650 3917; ppageno 0'>
   <div class='ocr_carea' id='block_1_1' title="bbox 308 141 1730 215">
    <p class='ocr_par' dir='ltr' id='par_1_1' title="bbox 308 141 1730 215">
     <span class='ocr_line' id='line_1_1' title="bbox 308 141 1730 215; baseline -0.005 -9"><span class='ocrx_word' id='word_1_1' title='bbox 308 141 446 208; x_wconf 82' lang='grc'>356</span> <span class='ocrx_word' id='word_1_2' title='bbox 932 143 1057 198; x_wconf 78' lang='lat' dir='ltr'>GAJ</span> <span class='ocrx_word' id='word_1_3' title='bbox 1090 143 1350 215; x_wconf 78' lang='lat' dir='ltr'><strong>INSTIT.</strong></span> <span class='ocrx_word' id='word_1_4' title='bbox 1386 144 1465 199; x_wconf 86' lang='lat' dir='ltr'>IV</span> <span class='ocrx_word' id='word_1_5' title='bbox 1503 151 1730 199; x_wconf 81' lang='lat'>62—64.</span> 
     </span>
    </p>
   </div>
   <div class='ocr_carea' id='block_1_2' title="bbox 285 305 2364 1708">
    <p class='ocr_par' dir='ltr' id='par_1_2' title="bbox 285 305 2364 1708">
     <span class='ocr_line' id='line_1_2' title="bbox 307 305 2357 392; baseline 0.002 -22"><span class='ocrx_word' id='word_1_6' title='bbox 307 326 449 372; x_wconf 87' lang='lat' dir='ltr'>rem</span> <span class='ocrx_word' id='word_1_7' title='bbox 496 327 576 370; x_wconf 82' lang='lat' dir='ltr'>ex</span> <span class='ocrx_word' id='word_1_8' title='bbox 622 305 844 370; x_wconf 89' lang='lat' dir='ltr'>eadem</span> <span class='ocrx_word' id='word_1_9' title='bbox 893 327 1084 371; x_wconf 87' lang='lat' dir='ltr'>causa</span> <span class='ocrx_word' id='word_1_10' title='bbox 1128 312 1456 392; x_wconf 86' lang='lat' dir='ltr'>praestare</span> <span class='ocrx_word' id='word_1_11' title='bbox 1502 311 1852 392; x_wconf 74' lang='lat' dir='ltr'>oporteret,</span> <span class='ocrx_word' id='word_1_12' title='bbox 1908 308 1979 372; x_wconf 80' lang='lat' dir='ltr'>in</span> <span class='ocrx_word' id='word_1_13' title='bbox 2024 308 2357 392; x_wconf 83' lang='lat' dir='ltr'>reliquum</span> 
     </span>
     <span class='ocr_line' id='line_1_3' title="bbox 307 394 2359 480; baseline 0.001 -21"><span class='ocrx_word' id='word_1_14' title='bbox 307 415 481 480; x_wconf 85' lang='lat' dir='ltr'>eum,</span> <span class='ocrx_word' id='word_1_15' title='bbox 516 417 665 459; x_wconf 87' lang='lat' dir='ltr'>cum</span> <span class='ocrx_word' id='word_1_16' title='bbox 704 401 833 479; x_wconf 87' lang='lat' dir='ltr'>quo</span> <span class='ocrx_word' id='word_1_17' title='bbox 871 400 1088 462; x_wconf 89' lang='lat' dir='ltr'>actum</span> <span class='ocrx_word' id='word_1_18' title='bbox 1126 399 1242 479; x_wconf 89' lang='lat' dir='ltr'>est,</span> <span class='ocrx_word' id='word_1_19' title='bbox 1281 396 1721 462; x_wconf 88' lang='lat' dir='ltr'>condemnare.</span> <span class='ocrx_word' id='word_1_20' title='bbox 1794 396 1889 462; x_wconf 81' lang='lat'>62.</span> <span class='ocrx_word' id='word_1_21' title='bbox 1929 394 2096 462; x_wconf 88' lang='lat' dir='ltr'>Sunt</span> <span class='ocrx_word' id='word_1_22' title='bbox 2130 400 2359 462; x_wconf 88' lang='lat' dir='ltr'>autem</span> 
     </span>
     <span class='ocr_line' id='line_1_4' title="bbox 312 483 2360 569; baseline 0.001 -21"><span class='ocrx_word' id='word_1_23' title='bbox 312 483 520 549; x_wconf 89' lang='lat' dir='ltr'>bonae</span> <span class='ocrx_word' id='word_1_24' title='bbox 555 484 710 549; x_wconf 89' lang='lat' dir='ltr'>fidei</span> <span class='ocrx_word' id='word_1_25' title='bbox 753 484 995 549; x_wconf 89' lang='lat' dir='ltr'>iudicia</span> <span class='ocrx_word' id='word_1_26' title='bbox 1029 484 1213 550; x_wconf 87' lang='lat' dir='ltr'>haec:</span> <span class='ocrx_word' id='word_1_27' title='bbox 1256 507 1337 550; x_wconf 81' lang='lat' dir='ltr'>ex</span> <span class='ocrx_word' id='word_1_28' title='bbox 1373 489 1590 569; x_wconf 89' lang='lat' dir='ltr'>empto</span> <span class='ocrx_word' id='word_1_29' title='bbox 1627 484 1911 567; x_wconf 89' lang='lat' dir='ltr'>uendito,</span> <span class='ocrx_word' id='word_1_30' title='bbox 1945 485 2160 551; x_wconf 90' lang='lat' dir='ltr'>locato</span> <span class='ocrx_word' id='word_1_31' title='bbox 2199 507 2360 551; x_wconf 90' lang='lat' dir='ltr'>con-</span> 
     </span>
     <span class='ocr_line' id='line_1_5' title="bbox 306 573 2361 661; baseline 0.001 -24"><span class='ocrx_word' id='word_1_32' title='bbox 306 573 528 658; x_wconf 89' lang='lat' dir='ltr'>ducto,</span> <span class='ocrx_word' id='word_1_33' title='bbox 553 575 968 659; x_wconf 86' lang='lat' dir='ltr'>negotiorum</span> <span class='ocrx_word' id='word_1_34' title='bbox 1005 577 1355 660; x_wconf 86' lang='lat' dir='ltr'>gestorum,</span> <span class='ocrx_word' id='word_1_35' title='bbox 1388 574 1695 656; x_wconf 86' lang='lat' dir='ltr'>mandati,</span> <span class='ocrx_word' id='word_1_36' title='bbox 1732 573 2025 659; x_wconf 75' lang='lat' dir='ltr'>depositi,</span> <span class='ocrx_word' id='word_1_37' title='bbox 2055 574 2361 661; x_wconf 89' lang='lat' dir='ltr'>fiduciae,</span> 
     </span>
     <span class='ocr_line' id='line_1_6' title="bbox 304 660 2361 748; baseline 0 -20"><span class='ocrx_word' id='word_1_38' title='bbox 304 684 431 748; x_wconf 85' lang='lat' dir='ltr'>pro</span> <span class='ocrx_word' id='word_1_39' title='bbox 506 664 713 745; x_wconf 87' lang='lat' dir='ltr'>socio,</span> <span class='ocrx_word' id='word_1_40' title='bbox 786 664 1053 748; x_wconf 84' lang='lat' dir='ltr'>tutelae,</span> <span class='ocrx_word' id='word_1_41' title='bbox 1126 662 1219 729; x_wconf 89' lang='lat' dir='ltr'>rei</span> <span class='ocrx_word' id='word_1_42' title='bbox 1296 661 1614 728; x_wconf 75' lang='lat' dir='ltr'>uxoriae.1</span> <span class='ocrx_word' id='word_1_43' title='bbox 1722 660 1814 729; x_wconf 76' lang='lat'>83.</span> <span class='ocrx_word' id='word_1_44' title='bbox 1868 662 2174 729; x_wconf 85' lang='lat' dir='ltr'>Liberum</span> <span class='ocrx_word' id='word_1_45' title='bbox 2251 669 2361 729; x_wconf 85' lang='lat' dir='ltr'>est</span> 
     </span>
     <span class='ocr_line' id='line_1_7' title="bbox 307 751 2361 836; baseline 0.001 -21"><span class='ocrx_word' id='word_1_46' title='bbox 307 754 528 816; x_wconf 91' lang='lat' dir='ltr'>tamen</span> <span class='ocrx_word' id='word_1_47' title='bbox 582 751 782 816; x_wconf 88' lang='lat' dir='ltr'>iudici</span> <span class='ocrx_word' id='word_1_48' title='bbox 845 752 1091 817; x_wconf 85' lang='lat' dir='ltr'>nullam</span> <span class='ocrx_word' id='word_1_49' title='bbox 1155 755 1420 817; x_wconf 84' lang='lat' dir='ltr'>omnino</span> <span class='ocrx_word' id='word_1_50' title='bbox 1483 754 1764 817; x_wconf 88' lang='lat' dir='ltr'>inuicem</span> <span class='ocrx_word' id='word_1_51' title='bbox 1828 753 2361 836; x_wconf 88' lang='lat' dir='ltr'>conpensationis</span> 
     </span>
     <span class='ocr_line' id='line_1_8' title="bbox 309 839 2359 927; baseline 0 -22"><span class='ocrx_word' id='word_1_52' title='bbox 309 841 631 906; x_wconf 90' lang='lat' dir='ltr'>rationem</span> <span class='ocrx_word' id='word_1_53' title='bbox 704 839 970 927; x_wconf 85' lang='lat' dir='ltr'>habere3</span> <span class='ocrx_word' id='word_1_54' title='bbox 1041 862 1160 905; x_wconf 93' lang='lat' dir='ltr'>nec</span> <span class='ocrx_word' id='word_1_55' title='bbox 1224 842 1398 906; x_wconf 88' lang='lat' dir='ltr'>enim</span> <span class='ocrx_word' id='word_1_56' title='bbox 1466 845 1684 926; x_wconf 89' lang='lat' dir='ltr'>aperte</span> <span class='ocrx_word' id='word_1_57' title='bbox 1747 841 2062 907; x_wconf 80' lang='lat' dir='ltr'>formulae</span> <span class='ocrx_word' id='word_1_58' title='bbox 2126 841 2359 907; x_wconf 85' lang='lat' dir='ltr'>uerbis</span> 
     </span>
     <span class='ocr_line' id='line_1_9' title="bbox 308 929 2361 1015; baseline 0.001 -22"><span class='ocrx_word' id='word_1_59' title='bbox 308 929 733 1015; x_wconf 81' lang='lat' dir='ltr'>praecipitur3</span> <span class='ocrx_word' id='word_1_60' title='bbox 782 930 892 994; x_wconf 91' lang='lat' dir='ltr'>sed</span> <span class='ocrx_word' id='word_1_61' title='bbox 939 930 1091 1014; x_wconf 88' lang='lat' dir='ltr'>quia</span> <span class='ocrx_word' id='word_1_62' title='bbox 1126 929 1195 995; x_wconf 91' lang='lat' dir='ltr'>id</span> <span class='ocrx_word' id='word_1_63' title='bbox 1231 930 1440 995; x_wconf 92' lang='lat' dir='ltr'>bonae</span> <span class='ocrx_word' id='word_1_64' title='bbox 1477 929 1629 995; x_wconf 90' lang='lat' dir='ltr'>fidei</span> <span class='ocrx_word' id='word_1_65' title='bbox 1673 930 1912 996; x_wconf 86' lang='lat' dir='ltr'>iudicio</span> <span class='ocrx_word' id='word_1_66' title='bbox 1958 931 2361 997; x_wconf 86' lang='lat' dir='ltr'>conueniens</span> 
     </span>
     <span class='ocr_line' id='line_1_10' title="bbox 285 1018 2362 1103; baseline 0.001 -20"><span class='ocrx_word' id='word_1_67' title='bbox 285 1018 589 1103; x_wconf 86' lang='lat' dir='ltr'>·uidetur,</span> <span class='ocrx_word' id='word_1_68' title='bbox 633 1018 770 1084; x_wconf 82' lang='lat' dir='ltr'>ideo</span> <span class='ocrx_word' id='word_1_69' title='bbox 818 1019 1035 1085; x_wconf 89' lang='lat' dir='ltr'>officio</span> <span class='ocrx_word' id='word_1_70' title='bbox 1085 1019 1224 1085; x_wconf 90' lang='lat' dir='ltr'>eius</span> <span class='ocrx_word' id='word_1_71' title='bbox 1284 1020 1603 1086; x_wconf 74' lang='lat' dir='ltr'>contineri</span> <span class='ocrx_word' id='word_1_72' title='bbox 1659 1018 1956 1084; x_wconf 89' lang='lat' dir='ltr'>creditur.</span> <span class='ocrx_word' id='word_1_73' title='bbox 2050 1019 2146 1084; x_wconf 84' lang='grc'>64.</span> <span class='ocrx_word' id='word_1_74' title='bbox 2196 1018 2362 1085; x_wconf 86' lang='lat' dir='ltr'>Alia</span> 
     </span>
     <span class='ocr_line' id='line_1_11' title="bbox 306 1106 2361 1194; baseline 0.001 -22"><span class='ocrx_word' id='word_1_75' title='bbox 306 1128 503 1172; x_wconf 86' lang='lat' dir='ltr'>causa</span> <span class='ocrx_word' id='word_1_76' title='bbox 567 1111 667 1172; x_wconf 84' lang='lat' dir='ltr'>est</span> <span class='ocrx_word' id='word_1_77' title='bbox 729 1106 906 1173; x_wconf 83' lang='lat' dir='ltr'>ilh&#39;us</span> <span class='ocrx_word' id='word_1_78' title='bbox 971 1108 1273 1191; x_wconf 83' lang='lat' dir='ltr'>actionis,</span> <span class='ocrx_word' id='word_1_79' title='bbox 1338 1131 1467 1193; x_wconf 87' lang='lat' dir='ltr'>qua</span> <span class='ocrx_word' id='word_1_80' title='bbox 1528 1109 1929 1194; x_wconf 83' lang='lat' dir='ltr'>argentarius</span> <span class='ocrx_word' id='word_1_81' title='bbox 2003 1108 2361 1192; x_wconf 82' lang='lat' dir='ltr'>experitur.</span> 
     </span>
     <span class='ocr_line' id='line_1_12' title="bbox 307 1197 2362 1284; baseline 0 -23"><span class='ocrx_word' id='word_1_82' title='bbox 307 1219 461 1261; x_wconf 90' lang='lat' dir='ltr'>nam</span> <span class='ocrx_word' id='word_1_83' title='bbox 510 1197 565 1263; x_wconf 88' lang='lat' dir='ltr'>is</span> <span class='ocrx_word' id='word_1_84' title='bbox 614 1198 873 1284; x_wconf 85' lang='lat' dir='ltr'>cogitur</span> <span class='ocrx_word' id='word_1_85' title='bbox 939 1219 1085 1263; x_wconf 90' lang='lat' dir='ltr'>cum</span> <span class='ocrx_word' id='word_1_86' title='bbox 1147 1197 1648 1282; x_wconf 72' lang='lat' dir='ltr'>conpensatione</span> <span class='ocrx_word' id='word_1_87' title='bbox 1707 1217 1912 1282; x_wconf 85' lang='lat' dir='ltr'>agere,</span> <span class='ocrx_word' id='word_1_88' title='bbox 1972 1201 2036 1261; x_wconf 88' lang='lat' dir='ltr'>et</span> <span class='ocrx_word' id='word_1_89' title='bbox 2082 1219 2157 1262; x_wconf 86' lang='lat' dir='ltr'>ea</span> <span class='ocrx_word' id='word_1_90' title='bbox 2202 1218 2362 1262; x_wconf 88' lang='lat' dir='ltr'>con-</span> 
     </span>
     <span class='ocr_line' id='line_1_13' title="bbox 307 1285 2363 1371; baseline 0 -20"><span class='ocrx_word' id='word_1_91' title='bbox 307 1287 605 1371; x_wconf 87' lang='lat' dir='ltr'>pensatio</span> <span class='ocrx_word' id='word_1_92' title='bbox 652 1285 869 1352; x_wconf 86' lang='lat' dir='ltr'>uerbis</span> <span class='ocrx_word' id='word_1_93' title='bbox 914 1286 1230 1352; x_wconf 79' lang='lat' dir='ltr'>formulae</span> <span class='ocrx_word' id='word_1_94' title='bbox 1277 1288 1686 1371; x_wconf 86' lang='lat' dir='ltr'>exprimitur,</span> <span class='ocrx_word' id='word_1_95' title='bbox 1736 1286 1893 1351; x_wconf 90' lang='lat' dir='ltr'>adeo</span> <span class='ocrx_word' id='word_1_96' title='bbox 1942 1285 2230 1370; x_wconf 89' lang='lat' dir='ltr'>quidem,</span> <span class='ocrx_word' id='word_1_97' title='bbox 2278 1292 2363 1352; x_wconf 87' lang='lat' dir='ltr'>ut</span> 
     </span>
     <span class='ocr_line' id='line_1_14' title="bbox 309 1373 2364 1460; baseline 0.001 -21"><span class='ocrx_word' id='word_1_98' title='bbox 309 1373 571 1440; x_wconf 69' lang='lat' dir='ltr'>statim³</span> <span class='ocrx_word' id='word_1_99' title='bbox 626 1375 709 1441; x_wconf 91' lang='lat' dir='ltr'>ab</span> <span class='ocrx_word' id='word_1_100' title='bbox 765 1375 955 1441; x_wconf 89' lang='lat' dir='ltr'>initio</span> <span class='ocrx_word' id='word_1_101' title='bbox 1014 1374 1514 1460; x_wconf 74' lang='lat' dir='ltr'>conpensatione</span> <span class='ocrx_word' id='word_1_102' title='bbox 1567 1376 1738 1440; x_wconf 89' lang='lat' dir='ltr'>facta</span> <span class='ocrx_word' id='word_1_103' title='bbox 1790 1376 2004 1439; x_wconf 90' lang='lat' dir='ltr'>minus</span> <span class='ocrx_word' id='word_1_104' title='bbox 2058 1375 2364 1442; x_wconf 84' lang='lat' dir='ltr'>intendat</span> 
     </span>
     <span class='ocr_line' id='line_1_15' title="bbox 310 1461 2363 1549; baseline 0 -20"><span class='ocrx_word' id='word_1_105' title='bbox 310 1464 437 1530; x_wconf 84' lang='lat' dir='ltr'>sibi</span> <span class='ocrx_word' id='word_1_106' title='bbox 485 1462 660 1529; x_wconf 85' lang='lat' dir='ltr'>dari⁸</span> <span class='ocrx_word' id='word_1_107' title='bbox 706 1469 1021 1549; x_wconf 89' lang='lat' dir='ltr'>oportere.</span> <span class='ocrx_word' id='word_1_108' title='bbox 1114 1486 1259 1529; x_wconf 90' lang='lat' dir='ltr'>ecce</span> <span class='ocrx_word' id='word_1_109' title='bbox 1306 1465 1477 1529; x_wconf 87' lang='lat' dir='ltr'>enim</span> <span class='ocrx_word' id='word_1_110' title='bbox 1526 1465 1584 1528; x_wconf 88' lang='lat' dir='ltr'>si</span> <span class='ocrx_word' id='word_1_111' title='bbox 1629 1461 2031 1529; x_wconf 69' lang='lat' dir='ltr'>sestertium⁴</span> <span class='ocrx_word' id='word_1_112' title='bbox 2074 1481 2120 1527; x_wconf 86' lang='lat' dir='ltr'><strong>x</strong></span> <span class='ocrx_word' id='word_1_113' title='bbox 2169 1465 2363 1530; x_wconf 83' lang='lat' dir='ltr'>mih‘a</span> 
     </span>
     <span class='ocr_line' id='line_1_16' title="bbox 310 1553 2363 1638; baseline 0.001 -20"><span class='ocrx_word' id='word_1_114' title='bbox 310 1553 543 1618; x_wconf 89' lang='lat' dir='ltr'>debeat</span> <span class='ocrx_word' id='word_1_115' title='bbox 588 1553 794 1637; x_wconf 87' lang='lat' dir='ltr'>Titio,</span> <span class='ocrx_word' id='word_1_116' title='bbox 850 1557 1044 1638; x_wconf 89' lang='lat' dir='ltr'>atque</span> <span class='ocrx_word' id='word_1_117' title='bbox 1090 1553 1149 1619; x_wconf 91' lang='lat' dir='ltr'>ei</span> <span class='ocrx_word' id='word_1_118' title='bbox 1206 1571 1302 1617; x_wconf 83' lang='lat' dir='ltr'>xx</span> <span class='ocrx_word' id='word_1_119' title='bbox 1351 1553 1732 1636; x_wconf 83' lang='lat' dir='ltr'>debeantur,</span> <span class='ocrx_word' id='word_1_120' title='bbox 1789 1553 1881 1616; x_wconf 87' lang='lat' dir='ltr'>sic</span> <span class='ocrx_word' id='word_1_121' title='bbox 1933 1553 2241 1618; x_wconf 87' lang='lat' dir='ltr'>intendit:</span> <span class='ocrx_word' id='word_1_122' title='bbox 2292 1570 2363 1620; x_wconf 79' lang='lat'>81</span> 
     </span>
     <span class='ocr_line' id='line_1_17' title="bbox 312 1658 2360 1708; baseline 0.001 -2"><span class='ocrx_word' id='word_1_123' title='bbox 312 1660 546 1707; x_wconf 75' lang='lat' dir='ltr'><strong>PARET</strong></span> <span class='ocrx_word' id='word_1_124' title='bbox 586 1660 835 1707; x_wconf 80' lang='lat' dir='ltr'>TITIVM</span> <span class='ocrx_word' id='word_1_125' title='bbox 875 1660 1010 1707; x_wconf 82' lang='lat' dir='ltr'>SIBI</span> <span class='ocrx_word' id='word_1_126' title='bbox 1046 1661 1095 1707; x_wconf 82' lang='lat' dir='ltr'><strong>x</strong></span> <span class='ocrx_word' id='word_1_127' title='bbox 1136 1659 1339 1706; x_wconf 74' lang='lat' dir='ltr'>MILIA</span> <span class='ocrx_word' id='word_1_128' title='bbox 1385 1659 1575 1707; x_wconf 77' lang='lat' dir='ltr'>DARE</span> <span class='ocrx_word' id='word_1_129' title='bbox 1623 1658 1998 1706; x_wconf 78' lang='lat' dir='ltr'>OPORTERE</span> <span class='ocrx_word' id='word_1_130' title='bbox 2045 1659 2360 1708; x_wconf 74' lang='lat' dir='ltr'>AMPLrvs</span> 
     </span>
    </p>
   </div>
   <div class='ocr_carea' id='block_1_3' title="bbox 309 1805 741 1813">
    <p class='ocr_par' dir='ltr' id='par_1_3' title="bbox 309 1805 741 1813">
     <span class='ocr_line' id='line_1_18' title="bbox 309 1805 741 1813; baseline 0 0"><span class='ocrx_word' id='word_1_131' title='bbox 309 1805 741 1813; x_wconf 95' lang='lat' dir='ltr'> </span> 
     </span>
    </p>
   </div>
   <div class='ocr_carea' id='block_1_4' title="bbox 456 1903 2363 1977">
    <p class='ocr_par' dir='ltr' id='par_1_4' title="bbox 456 1903 2363 1977">
     <span class='ocr_line' id='line_1_19' title="bbox 456 1903 2363 1977; baseline 0.001 -15"><span class='ocrx_word' id='word_1_132' title='bbox 456 1908 507 1977; x_wconf 92' lang='lat'>1)</span> <span class='ocrx_word' id='word_1_133' title='bbox 545 1908 709 1962; x_wconf 81' lang='lat' dir='ltr'>verba</span> <span class='ocrx_word' id='word_1_134' title='bbox 744 1907 875 1961; x_wconf 79' lang='lat' dir='ltr'>inde</span> <span class='ocrx_word' id='word_1_135' title='bbox 912 1925 950 1961; x_wconf 88' lang='lat' dir='ltr'>a</span> <span class='ocrx_word' id='word_1_136' title='bbox 1003 1905 1261 1960; x_wconf 86' lang='lat' dir='ltr'>mandati</span> <span class='ocrx_word' id='word_1_137' title='bbox 1314 1923 1484 1975; x_wconf 76' lang='lat' dir='ltr'>usque</span> <span class='ocrx_word' id='word_1_138' title='bbox 1531 1905 1607 1959; x_wconf 80' lang='lat' dir='ltr'>ad</span> <span class='ocrx_word' id='word_1_139' title='bbox 1651 1903 1735 1957; x_wconf 89' lang='lat' dir='ltr'>rei</span> <span class='ocrx_word' id='word_1_140' title='bbox 1788 1903 2018 1958; x_wconf 86' lang='lat' dir='ltr'>uxoriae</span> <span class='ocrx_word' id='word_1_141' title='bbox 2066 1906 2131 1958; x_wconf 76' lang='lat' dir='ltr'>in</span> <span class='ocrx_word' id='word_1_142' title='bbox 2166 1904 2221 1959; x_wconf 86' lang='lat' dir='ltr'><strong>V</strong></span> <span class='ocrx_word' id='word_1_143' title='bbox 2248 1923 2363 1975; x_wconf 80' lang='lat' dir='ltr'>per</span> 
     </span>
    </p>
   </div>
   <div class='ocr_carea' id='block_1_5' title="bbox 309 1974 2382 2191">
    <p class='ocr_par' dir='ltr' id='par_1_5' title="bbox 309 1974 2382 2191">
     <span class='ocr_line' id='line_1_20' title="bbox 309 1974 2382 2048; baseline 0 -15"><span class='ocrx_word' id='word_1_144' title='bbox 309 1995 543 2035; x_wconf 80' lang='lat' dir='ltr'>errorem</span> <span class='ocrx_word' id='word_1_145' title='bbox 581 1979 665 2034; x_wconf 72' lang='lat' dir='ltr'>bie</span> <span class='ocrx_word' id='word_1_146' title='bbox 697 1979 908 2048; x_wconf 74' lang='lat' dir='ltr'>scripta</span> <span class='ocrx_word' id='word_1_147' title='bbox 941 1984 1089 2034; x_wconf 74' lang='lat' dir='ltr'>ewnt.</span> <span class='ocrx_word' id='word_1_148' title='bbox 1247 1980 1298 2047; x_wconf 91' lang='grc'>2)</span> <span class='ocrx_word' id='word_1_149' title='bbox 1338 1977 1533 2031; x_wconf 83' lang='lat' dir='ltr'>statim</span> <span class='ocrx_word' id='word_1_150' title='bbox 1571 1976 1688 2030; x_wconf 79' lang='lat' dir='ltr'>Hu.</span> <span class='ocrx_word' id='word_1_151' title='bbox 1744 1975 1939 2042; x_wconf 82' lang='lat' dir='ltr'>itaque</span> <span class='ocrx_word' id='word_1_152' title='bbox 1975 1974 2045 2041; x_wconf 84' lang='lat' dir='ltr'>V,</span> <span class='ocrx_word' id='word_1_153' title='bbox 2081 1977 2179 2031; x_wconf 75' lang='lat' dir='ltr'>vix</span> <span class='ocrx_word' id='word_1_154' title='bbox 2213 1985 2382 2033; x_wconf 81' lang='lat' dir='ltr'>recte·</span> 
     </span>
     <span class='ocr_line' id='line_1_21' title="bbox 311 2045 2134 2191; baseline -0.002 -86"><span class='ocrx_word' id='word_1_155' title='bbox 311 2051 542 2191; x_wconf 41' lang='grc' dir='ltr'>ξεί-ἔφηὸ.</span> <span class='ocrx_word' id='word_1_156' title='bbox 596 2049 666 2175; x_wconf 43' lang='lat' dir='ltr'>gf.</span> <span class='ocrx_word' id='word_1_157' title='bbox 724 2050 787 2104; x_wconf 91' lang='lat' dir='ltr'>V.</span> <span class='ocrx_word' id='word_1_158' title='bbox 816 2051 867 2103; x_wconf 91' lang='lat' dir='ltr'>I.</span> <span class='ocrx_word' id='word_1_159' title='bbox 897 2051 969 2106; x_wconf 83' lang='lat' dir='ltr'>R.</span> <span class='ocrx_word' id='word_1_160' title='bbox 1007 2066 1051 2104; x_wconf 85' lang='lat'>8.</span> <span class='ocrx_word' id='word_1_161' title='bbox 1078 2067 1126 2105; x_wconf 83' lang='lat' dir='ltr'>v.</span> <span class='ocrx_word' id='word_1_162' title='bbox 1185 2048 1258 2104; x_wconf 81' lang='lat' dir='ltr'>ab</span> <span class='ocrx_word' id='word_1_163' title='bbox 1305 2065 1368 2118; x_wconf 79' lang='lat' dir='ltr'>p.</span> <span class='ocrx_word' id='word_1_164' title='bbox 1408 2053 1494 2114; x_wconf 92' lang='grc'>57,</span> <span class='ocrx_word' id='word_1_165' title='bbox 1524 2053 1573 2101; x_wconf 93' lang='grc'>6.</span> <span class='ocrx_word' id='word_1_166' title='bbox 1792 2047 1845 2115; x_wconf 82' lang='grc'>3)</span> <span class='ocrx_word' id='word_1_167' title='bbox 1884 2046 2020 2100; x_wconf 87' lang='lat' dir='ltr'>dare</span> <span class='ocrx_word' id='word_1_168' title='bbox 2065 2045 2134 2101; x_wconf 83' lang='lat' dir='ltr'>V.</span> 
     </span>
    </p>
   </div>
   <div class='ocr_carea' id='block_1_6' title="bbox 313 2242 668 2249">
    <p class='ocr_par' dir='ltr' id='par_1_6' title="bbox 313 2242 668 2249">
     <span class='ocr_line' id='line_1_22' title="bbox 313 2242 668 2249; baseline 0 1668"><span class='ocrx_word' id='word_1_169' title='bbox 313 2242 668 2249; x_wconf 95' lang='lat' dir='ltr'> </span> 
     </span>
    </p>
   </div>
   <div class='ocr_carea' id='block_1_7' title="bbox 309 2313 2366 3593">
    <p class='ocr_par' dir='ltr' id='par_1_7' title="bbox 309 2313 2366 3383">
     <span class='ocr_line' id='line_1_23' title="bbox 455 2313 2361 2385; baseline 0.001 -15"><span class='ocrx_word' id='word_1_170' title='bbox 455 2322 486 2382; x_wconf 66' lang='grc' dir='ltr'><strong>ς</strong></span> <span class='ocrx_word' id='word_1_171' title='bbox 517 2322 601 2370; x_wconf 83' lang='grc'>82.</span> <span class='ocrx_word' id='word_1_172' title='bbox 661 2317 731 2384; x_wconf 78' lang='lat' dir='ltr'>cf.</span> <span class='ocrx_word' id='word_1_173' title='bbox 753 2318 802 2370; x_wconf 90' lang='grc' dir='ltr'>Ι.</span> <span class='ocrx_word' id='word_1_174' title='bbox 824 2322 875 2383; x_wconf 85' lang='lat'>4,</span> <span class='ocrx_word' id='word_1_175' title='bbox 898 2322 949 2382; x_wconf 83' lang='lat' dir='ltr'>e,</span> <span class='ocrx_word' id='word_1_176' title='bbox 968 2321 1054 2371; x_wconf 91' lang='grc'>28.</span> <span class='ocrx_word' id='word_1_177' title='bbox 1119 2317 1195 2371; x_wconf 78' lang='lat'>1).</span> <span class='ocrx_word' id='word_1_178' title='bbox 1220 2320 1305 2383; x_wconf 86' lang='grc'>17,</span> <span class='ocrx_word' id='word_1_179' title='bbox 1325 2320 1375 2380; x_wconf 92' lang='grc'>2,</span> <span class='ocrx_word' id='word_1_180' title='bbox 1398 2318 1467 2368; x_wconf 87' lang='grc'>88</span> <span class='ocrx_word' id='word_1_181' title='bbox 1476 2331 1569 2384; x_wconf 74' lang='lat' dir='ltr'>pr.</span> <span class='ocrx_word' id='word_1_182' title='bbox 1636 2313 1821 2385; x_wconf 68' lang='lat' dir='ltr'>(Paul.</span> <span class='ocrx_word' id='word_1_183' title='bbox 1854 2315 2031 2382; x_wconf 83' lang='grc'>1784).</span> <span class='ocrx_word' id='word_1_184' title='bbox 2102 2314 2211 2369; x_wconf 73' lang='lat' dir='ltr'>oio.</span> <span class='ocrx_word' id='word_1_185' title='bbox 2242 2322 2361 2385; x_wconf 81' lang='lat' dir='ltr'>top.</span> 
     </span>
     <span class='ocr_line' id='line_1_24' title="bbox 313 2384 2362 2457; baseline 0 -15"><span class='ocrx_word' id='word_1_186' title='bbox 313 2393 398 2456; x_wconf 92' lang='grc'>17,</span> <span class='ocrx_word' id='word_1_187' title='bbox 416 2394 501 2442; x_wconf 92' lang='grc'>66.</span> <span class='ocrx_word' id='word_1_188' title='bbox 542 2388 713 2454; x_wconf 82' lang='lat' dir='ltr'>deoff.</span> <span class='ocrx_word' id='word_1_189' title='bbox 732 2392 886 2456; x_wconf 82' lang='grc'>3,17,</span> <span class='ocrx_word' id='word_1_190' title='bbox 902 2389 1244 2457; x_wconf 76' lang='lat' dir='ltr'>70(8uprap.</span> <span class='ocrx_word' id='word_1_191' title='bbox 1263 2388 1370 2455; x_wconf 86' lang='grc'>22).</span> <span class='ocrx_word' id='word_1_192' title='bbox 1423 2386 1618 2440; x_wconf 62' lang='grc' dir='ltr'>ἄρηαι.</span> <span class='ocrx_word' id='word_1_193' title='bbox 1635 2384 1777 2439; x_wconf 76' lang='lat' dir='ltr'>deor.</span> <span class='ocrx_word' id='word_1_194' title='bbox 1796 2387 1846 2448; x_wconf 85' lang='lat'>3,</span> <span class='ocrx_word' id='word_1_195' title='bbox 1863 2387 1947 2450; x_wconf 82' lang='grc'>30,</span> <span class='ocrx_word' id='word_1_196' title='bbox 1966 2388 2051 2439; x_wconf 87' lang='grc'>74.</span> <span class='ocrx_word' id='word_1_197' title='bbox 2091 2387 2362 2443; x_wconf 74' lang='lat' dir='ltr'>adAttic.</span> 
     </span>
     <span class='ocr_line' id='line_1_25' title="bbox 312 2456 2362 2531; baseline -0.001 -18"><span class='ocrx_word' id='word_1_198' title='bbox 312 2465 363 2527; x_wconf 84' lang='lat'>6,</span> <span class='ocrx_word' id='word_1_199' title='bbox 395 2465 444 2524; x_wconf 90' lang='lat'>1,</span> <span class='ocrx_word' id='word_1_200' title='bbox 476 2464 559 2513; x_wconf 92' lang='grc'>15.</span> <span class='ocrx_word' id='word_1_201' title='bbox 655 2461 743 2513; x_wconf 77' lang='lat' dir='ltr'>lex</span> <span class='ocrx_word' id='word_1_202' title='bbox 778 2460 954 2515; x_wconf 80' lang='lat' dir='ltr'>Rubr.</span> <span class='ocrx_word' id='word_1_203' title='bbox 993 2476 1036 2513; x_wconf 83' lang='lat' dir='ltr'>c.</span> <span class='ocrx_word' id='word_1_204' title='bbox 1077 2463 1144 2512; x_wconf 92' lang='grc'>20</span> <span class='ocrx_word' id='word_1_205' title='bbox 1182 2458 1400 2525; x_wconf 65' lang='lat' dir='ltr'>(Brun-8</span> <span class='ocrx_word' id='word_1_206' title='bbox 1435 2456 1502 2522; x_wconf 84' lang='lat'>1⁶,</span> <span class='ocrx_word' id='word_1_207' title='bbox 1534 2457 1641 2525; x_wconf 92' lang='grc'>99).</span> <span class='ocrx_word' id='word_1_208' title='bbox 1723 2471 1791 2507; x_wconf 82' lang='lat' dir='ltr'>ex</span> <span class='ocrx_word' id='word_1_209' title='bbox 1844 2456 2034 2523; x_wconf 86' lang='lat' dir='ltr'>empto</span> <span class='ocrx_word' id='word_1_210' title='bbox 2089 2457 2362 2531; x_wconf 79' lang='lat' dir='ltr'>uendite]</span> 
     </span>
     <span class='ocr_line' id='line_1_26' title="bbox 309 2525 2366 2600; baseline 0 -15"><span class='ocrx_word' id='word_1_211' title='bbox 309 2531 379 2598; x_wconf 76' lang='lat' dir='ltr'>ef.</span> <span class='ocrx_word' id='word_1_212' title='bbox 411 2532 488 2585; x_wconf 83' lang='grc'>1).</span> <span class='ocrx_word' id='word_1_213' title='bbox 529 2535 615 2597; x_wconf 81' lang='grc'>19,</span> <span class='ocrx_word' id='word_1_214' title='bbox 646 2535 695 2596; x_wconf 91' lang='grc'>1,</span> <span class='ocrx_word' id='word_1_215' title='bbox 727 2536 811 2596; x_wconf 91' lang='lat'>11,</span> <span class='ocrx_word' id='word_1_216' title='bbox 842 2535 870 2583; x_wconf 95' lang='lat'>1</span> <span class='ocrx_word' id='word_1_217' title='bbox 911 2531 1066 2600; x_wconf 77' lang='lat' dir='ltr'>(Uzp.</span> <span class='ocrx_word' id='word_1_218' title='bbox 1098 2531 1238 2597; x_wconf 81' lang='lat'>930).</span> <span class='ocrx_word' id='word_1_219' title='bbox 1297 2535 1385 2594; x_wconf 82' lang='lat'>21,</span> <span class='ocrx_word' id='word_1_220' title='bbox 1416 2532 1465 2593; x_wconf 93' lang='lat'>1,</span> <span class='ocrx_word' id='word_1_221' title='bbox 1496 2532 1581 2593; x_wconf 84' lang='lat'>31,</span> <span class='ocrx_word' id='word_1_222' title='bbox 1611 2530 1679 2579; x_wconf 91' lang='grc' dir='ltr'>2ο</span> <span class='ocrx_word' id='word_1_223' title='bbox 1716 2525 1868 2595; x_wconf 73' lang='lat' dir='ltr'>(Uzp.</span> <span class='ocrx_word' id='word_1_224' title='bbox 1902 2528 2101 2595; x_wconf 86' lang='grc'>1782).,</span> <span class='ocrx_word' id='word_1_225' title='bbox 2139 2527 2250 2584; x_wconf 74' lang='lat' dir='ltr'>Cic.</span> <span class='ocrx_word' id='word_1_226' title='bbox 2290 2531 2366 2585; x_wconf 76' lang='lat' dir='ltr'>de</span> 
     </span>
     <span class='ocr_line' id='line_1_27' title="bbox 310 2596 2362 2669; baseline -0.001 -12"><span class='ocrx_word' id='word_1_227' title='bbox 310 2603 402 2669; x_wconf 83' lang='lat' dir='ltr'>off.</span> <span class='ocrx_word' id='word_1_228' title='bbox 444 2605 494 2667; x_wconf 81' lang='lat'>8,</span> <span class='ocrx_word' id='word_1_229' title='bbox 526 2607 611 2668; x_wconf 84' lang='lat'>16,</span> <span class='ocrx_word' id='word_1_230' title='bbox 642 2607 726 2655; x_wconf 89' lang='grc'>66.</span> <span class='ocrx_word' id='word_1_231' title='bbox 796 2602 915 2656; x_wconf 85' lang='lat' dir='ltr'>Val.</span> <span class='ocrx_word' id='word_1_232' title='bbox 947 2601 1110 2655; x_wconf 76' lang='lat' dir='ltr'>Max.</span> <span class='ocrx_word' id='word_1_233' title='bbox 1152 2606 1202 2666; x_wconf 90' lang='grc'>8,</span> <span class='ocrx_word' id='word_1_234' title='bbox 1231 2606 1281 2665; x_wconf 93' lang='grc'>2,</span> <span class='ocrx_word' id='word_1_235' title='bbox 1315 2606 1362 2654; x_wconf 92' lang='grc'>1.</span> <span class='ocrx_word' id='word_1_236' title='bbox 1417 2598 1605 2652; x_wconf 85' lang='lat' dir='ltr'>locato</span> <span class='ocrx_word' id='word_1_237' title='bbox 1644 2596 1943 2669; x_wconf 87' lang='lat' dir='ltr'>conducto]</span> <span class='ocrx_word' id='word_1_238' title='bbox 1981 2599 2050 2664; x_wconf 80' lang='lat' dir='ltr'>cf.</span> <span class='ocrx_word' id='word_1_239' title='bbox 2086 2598 2142 2653; x_wconf 81' lang='lat' dir='ltr'>G.</span> <span class='ocrx_word' id='word_1_240' title='bbox 2183 2605 2236 2667; x_wconf 94' lang='lat'>4,</span> <span class='ocrx_word' id='word_1_241' title='bbox 2268 2606 2362 2669; x_wconf 91' lang='grc'>65,</span> 
     </span>
     <span class='ocr_line' id='line_1_28' title="bbox 312 2669 2361 2742; baseline 0.001 -16"><span class='ocrx_word' id='word_1_242' title='bbox 312 2678 379 2727; x_wconf 92' lang='grc'>17</span> <span class='ocrx_word' id='word_1_243' title='bbox 419 2674 492 2742; x_wconf 88' lang='lat' dir='ltr'>(a.</span> <span class='ocrx_word' id='word_1_244' title='bbox 533 2674 677 2741; x_wconf 92' lang='grc'>290).</span> <span class='ocrx_word' id='word_1_245' title='bbox 741 2671 1098 2742; x_wconf 85' lang='lat' dir='ltr'>negotiorum</span> <span class='ocrx_word' id='word_1_246' title='bbox 1152 2670 1462 2742; x_wconf 86' lang='lat' dir='ltr'>gestorum]</span> <span class='ocrx_word' id='word_1_247' title='bbox 1500 2669 1570 2736; x_wconf 82' lang='lat' dir='ltr'>cf.</span> <span class='ocrx_word' id='word_1_248' title='bbox 1609 2669 1685 2723; x_wconf 89' lang='lat' dir='ltr'>D.</span> <span class='ocrx_word' id='word_1_249' title='bbox 1724 2673 1811 2733; x_wconf 92' lang='lat'>44,</span> <span class='ocrx_word' id='word_1_250' title='bbox 1841 2672 1889 2732; x_wconf 86' lang='grc'>7,</span> <span class='ocrx_word' id='word_1_251' title='bbox 1921 2674 1954 2720; x_wconf 86' lang='grc'>5</span> <span class='ocrx_word' id='word_1_252' title='bbox 2009 2669 2165 2738; x_wconf 76' lang='lat' dir='ltr'>(Gai.</span> <span class='ocrx_word' id='word_1_253' title='bbox 2207 2675 2361 2742; x_wconf 89' lang='grc'>506).</span> 
     </span>
     <span class='ocr_line' id='line_1_29' title="bbox 311 2740 2361 2813; baseline 0 -14"><span class='ocrx_word' id='word_1_254' title='bbox 311 2751 361 2812; x_wconf 86' lang='grc'>8,</span> <span class='ocrx_word' id='word_1_255' title='bbox 393 2749 442 2810; x_wconf 84' lang='lat'>5,</span> <span class='ocrx_word' id='word_1_256' title='bbox 474 2750 506 2797; x_wconf 83' lang='grc'>8</span> <span class='ocrx_word' id='word_1_257' title='bbox 563 2743 751 2813; x_wconf 76' lang='lat' dir='ltr'>(Paul.</span> <span class='ocrx_word' id='word_1_258' title='bbox 793 2746 933 2813; x_wconf 89' lang='grc'>187).</span> <span class='ocrx_word' id='word_1_259' title='bbox 1012 2743 1069 2799; x_wconf 82' lang='lat'>0.</span> <span class='ocrx_word' id='word_1_260' title='bbox 1109 2748 1158 2809; x_wconf 83' lang='lat'>2,</span> <span class='ocrx_word' id='word_1_261' title='bbox 1188 2748 1239 2809; x_wconf 97' lang='lat'>4,</span> <span class='ocrx_word' id='word_1_262' title='bbox 1270 2748 1301 2795; x_wconf 84' lang='lat'><strong>3</strong></span> <span class='ocrx_word' id='word_1_263' title='bbox 1341 2745 1415 2810; x_wconf 87' lang='lat' dir='ltr'>(a.</span> <span class='ocrx_word' id='word_1_264' title='bbox 1456 2741 1597 2810; x_wconf 90' lang='grc'>228).</span> <span class='ocrx_word' id='word_1_265' title='bbox 1656 2744 1704 2805; x_wconf 92' lang='grc'>2,</span> <span class='ocrx_word' id='word_1_266' title='bbox 1738 2740 1953 2809; x_wconf 82' lang='grc'>18&lt;18),</span> <span class='ocrx_word' id='word_1_267' title='bbox 1985 2744 2053 2794; x_wconf 91' lang='grc'>18</span> <span class='ocrx_word' id='word_1_268' title='bbox 2102 2742 2175 2810; x_wconf 84' lang='lat' dir='ltr'>(a.</span> <span class='ocrx_word' id='word_1_269' title='bbox 2208 2747 2361 2813; x_wconf 85' lang='grc'>288).</span> 
     </span>
     <span class='ocr_line' id='line_1_30' title="bbox 309 2813 2362 2886; baseline 0.001 -18"><span class='ocrx_word' id='word_1_270' title='bbox 309 2815 594 2886; x_wconf 81' lang='lat' dir='ltr'>mandati]</span> <span class='ocrx_word' id='word_1_271' title='bbox 650 2817 719 2884; x_wconf 78' lang='lat' dir='ltr'>cf.</span> <span class='ocrx_word' id='word_1_272' title='bbox 778 2815 854 2869; x_wconf 88' lang='lat' dir='ltr'>D.</span> <span class='ocrx_word' id='word_1_273' title='bbox 902 2820 988 2880; x_wconf 93' lang='lat'>44,</span> <span class='ocrx_word' id='word_1_274' title='bbox 1032 2820 1078 2879; x_wconf 93' lang='grc'>7,</span> <span class='ocrx_word' id='word_1_275' title='bbox 1117 2820 1149 2867; x_wconf 88' lang='grc'>5</span> <span class='ocrx_word' id='word_1_276' title='bbox 1206 2813 1359 2881; x_wconf 72' lang='lat' dir='ltr'>(Gai.</span> <span class='ocrx_word' id='word_1_277' title='bbox 1402 2814 1543 2882; x_wconf 87' lang='grc'>506).</span> <span class='ocrx_word' id='word_1_278' title='bbox 1612 2815 1695 2876; x_wconf 92' lang='grc'>17,</span> <span class='ocrx_word' id='word_1_279' title='bbox 1728 2815 1775 2875; x_wconf 92' lang='grc'>1,</span> <span class='ocrx_word' id='word_1_280' title='bbox 1807 2815 1890 2877; x_wconf 87' lang='grc'>10,</span> <span class='ocrx_word' id='word_1_281' title='bbox 1922 2814 1953 2863; x_wconf 81' lang='grc'>8</span> <span class='ocrx_word' id='word_1_282' title='bbox 2010 2813 2167 2882; x_wconf 78' lang='lat' dir='ltr'>(Uzp.</span> <span class='ocrx_word' id='word_1_283' title='bbox 2208 2818 2362 2885; x_wconf 90' lang='grc'>909).</span> 
     </span>
     <span class='ocr_line' id='line_1_31' title="bbox 312 2882 2361 2956; baseline -0 -16"><span class='ocrx_word' id='word_1_284' title='bbox 312 2892 397 2953; x_wconf 92' lang='grc'>17,</span> <span class='ocrx_word' id='word_1_285' title='bbox 431 2891 479 2952; x_wconf 93' lang='grc'>1,</span> <span class='ocrx_word' id='word_1_286' title='bbox 509 2891 596 2953; x_wconf 88' lang='grc'>59,</span> <span class='ocrx_word' id='word_1_287' title='bbox 628 2892 656 2940; x_wconf 94' lang='grc'>1</span> <span class='ocrx_word' id='word_1_288' title='bbox 706 2886 894 2956; x_wconf 78' lang='lat' dir='ltr'>(Paul.</span> <span class='ocrx_word' id='word_1_289' title='bbox 938 2888 1111 2955; x_wconf 88' lang='grc'>1480).</span> <span class='ocrx_word' id='word_1_290' title='bbox 1189 2882 1460 2955; x_wconf 83' lang='lat' dir='ltr'>depositi]</span> <span class='ocrx_word' id='word_1_291' title='bbox 1515 2884 1584 2949; x_wconf 80' lang='lat' dir='ltr'>cf.</span> <span class='ocrx_word' id='word_1_292' title='bbox 1630 2898 1804 2950; x_wconf 72' lang='lat' dir='ltr'>supra</span> <span class='ocrx_word' id='word_1_293' title='bbox 1840 2887 1890 2947; x_wconf 84' lang='lat'>4,</span> <span class='ocrx_word' id='word_1_294' title='bbox 1920 2885 2008 2935; x_wconf 91' lang='grc'>47.</span> <span class='ocrx_word' id='word_1_295' title='bbox 2064 2884 2142 2937; x_wconf 87' lang='lat' dir='ltr'>D.</span> <span class='ocrx_word' id='word_1_296' title='bbox 2185 2889 2273 2952; x_wconf 91' lang='grc'>16,</span> <span class='ocrx_word' id='word_1_297' title='bbox 2306 2891 2361 2954; x_wconf 82' lang='grc'>3,</span> 
     </span>
     <span class='ocr_line' id='line_1_32' title="bbox 310 2951 2363 3028; baseline 0 -17"><span class='ocrx_word' id='word_1_298' title='bbox 310 2962 376 3012; x_wconf 81' lang='grc'>81</span> <span class='ocrx_word' id='word_1_299' title='bbox 418 2958 647 3028; x_wconf 79' lang='lat' dir='ltr'>(Tryph.</span> <span class='ocrx_word' id='word_1_300' title='bbox 688 2960 794 3027; x_wconf 83' lang='lat'>31).</span> <span class='ocrx_word' id='word_1_301' title='bbox 856 2962 938 3023; x_wconf 89' lang='grc'>16,</span> <span class='ocrx_word' id='word_1_302' title='bbox 970 2961 1018 3022; x_wconf 85' lang='grc'>3,</span> <span class='ocrx_word' id='word_1_303' title='bbox 1051 2963 1099 3024; x_wconf 89' lang='grc'>1,</span> <span class='ocrx_word' id='word_1_304' title='bbox 1130 2960 1197 3009; x_wconf 81' lang='grc'>28</span> <span class='ocrx_word' id='word_1_305' title='bbox 1254 2955 1411 3024; x_wconf 79' lang='lat' dir='ltr'>(Uzp.</span> <span class='ocrx_word' id='word_1_306' title='bbox 1451 2955 1593 3023; x_wconf 88' lang='grc'>895).</span> <span class='ocrx_word' id='word_1_307' title='bbox 1666 2951 1908 3005; x_wconf 83' lang='lat' dir='ltr'>fiduciae</span> <span class='ocrx_word' id='word_1_308' title='bbox 1988 2955 2057 3020; x_wconf 80' lang='lat' dir='ltr'>cf.</span> <span class='ocrx_word' id='word_1_309' title='bbox 2119 2955 2230 3010; x_wconf 66' lang='lat' dir='ltr'>occ.</span> <span class='ocrx_word' id='word_1_310' title='bbox 2289 2958 2363 3014; x_wconf 81' lang='lat' dir='ltr'>de</span> 
     </span>
     <span class='ocr_line' id='line_1_33' title="bbox 309 3023 2358 3097; baseline -0.001 -13"><span class='ocrx_word' id='word_1_311' title='bbox 309 3031 400 3097; x_wconf 84' lang='lat' dir='ltr'>off.</span> <span class='ocrx_word' id='word_1_312' title='bbox 442 3035 493 3095; x_wconf 86' lang='lat'>3,</span> <span class='ocrx_word' id='word_1_313' title='bbox 524 3034 608 3094; x_wconf 92' lang='grc'>15,</span> <span class='ocrx_word' id='word_1_314' title='bbox 639 3034 724 3083; x_wconf 90' lang='grc'>61.</span> <span class='ocrx_word' id='word_1_315' title='bbox 799 3029 876 3082; x_wconf 78' lang='lat' dir='ltr'>ad</span> <span class='ocrx_word' id='word_1_316' title='bbox 918 3029 1053 3094; x_wconf 82' lang='lat' dir='ltr'>fam.</span> <span class='ocrx_word' id='word_1_317' title='bbox 1094 3033 1142 3093; x_wconf 94' lang='grc'>7,</span> <span class='ocrx_word' id='word_1_318' title='bbox 1176 3032 1259 3092; x_wconf 94' lang='grc'>12,</span> <span class='ocrx_word' id='word_1_319' title='bbox 1290 3032 1338 3080; x_wconf 92' lang='grc'>2.</span> <span class='ocrx_word' id='word_1_320' title='bbox 1403 3041 1505 3094; x_wconf 87' lang='lat' dir='ltr'>pro</span> <span class='ocrx_word' id='word_1_321' title='bbox 1545 3023 1720 3094; x_wconf 82' lang='lat' dir='ltr'>socio]</span> <span class='ocrx_word' id='word_1_322' title='bbox 1767 3025 1836 3090; x_wconf 80' lang='lat' dir='ltr'>cf.</span> <span class='ocrx_word' id='word_1_323' title='bbox 1949 3064 1960 3076; x_wconf 90' lang='lat'><strong>.</strong></span> <span class='ocrx_word' id='word_1_324' title='bbox 2004 3029 2089 3090; x_wconf 86' lang='grc'>17,</span> <span class='ocrx_word' id='word_1_325' title='bbox 2120 3031 2170 3092; x_wconf 94' lang='grc'>2,</span> <span class='ocrx_word' id='word_1_326' title='bbox 2201 3033 2290 3094; x_wconf 88' lang='grc'>52,</span> <span class='ocrx_word' id='word_1_327' title='bbox 2327 3037 2358 3083; x_wconf 89' lang='grc'>1</span> 
     </span>
     <span class='ocr_line' id='line_1_34' title="bbox 309 3093 2360 3170; baseline -0 -16"><span class='ocrx_word' id='word_1_328' title='bbox 309 3101 463 3170; x_wconf 66' lang='lat' dir='ltr'><em>(Ulq).</em></span> <span class='ocrx_word' id='word_1_329' title='bbox 504 3103 647 3169; x_wconf 91' lang='grc'>922).</span> <span class='ocrx_word' id='word_1_330' title='bbox 705 3104 790 3167; x_wconf 92' lang='grc'>17,</span> <span class='ocrx_word' id='word_1_331' title='bbox 821 3105 870 3166; x_wconf 91' lang='grc'>2,</span> <span class='ocrx_word' id='word_1_332' title='bbox 902 3105 951 3165; x_wconf 84' lang='grc'>3,</span> <span class='ocrx_word' id='word_1_333' title='bbox 982 3104 1013 3151; x_wconf 88' lang='grc'>3</span> <span class='ocrx_word' id='word_1_334' title='bbox 1051 3099 1240 3169; x_wconf 77' lang='lat' dir='ltr'>(Paul.</span> <span class='ocrx_word' id='word_1_335' title='bbox 1279 3100 1421 3167; x_wconf 84' lang='lat'>493).</span> <span class='ocrx_word' id='word_1_336' title='bbox 1486 3095 1569 3148; x_wconf 88' lang='lat' dir='ltr'>rei</span> <span class='ocrx_word' id='word_1_337' title='bbox 1605 3093 1857 3165; x_wconf 82' lang='lat' dir='ltr'>uxoriae]</span> <span class='ocrx_word' id='word_1_338' title='bbox 1894 3096 1962 3161; x_wconf 79' lang='lat' dir='ltr'>cf.</span> <span class='ocrx_word' id='word_1_339' title='bbox 2006 3095 2115 3150; x_wconf 74' lang='lat' dir='ltr'>Cic.</span> <span class='ocrx_word' id='word_1_340' title='bbox 2155 3097 2222 3152; x_wconf 80' lang='lat' dir='ltr'>de</span> <span class='ocrx_word' id='word_1_341' title='bbox 2259 3102 2360 3167; x_wconf 80' lang='lat' dir='ltr'>off.</span> 
     </span>
     <span class='ocr_line' id='line_1_35' title="bbox 325 3213 2360 3311; baseline 0.001 -15"><span class='ocrx_word' id='word_1_342' title='bbox 325 3213 360 3309; x_wconf 9' lang='lat' dir='ltr'>ss&#39;</span> <span class='ocrx_word' id='word_1_343' title='bbox 452 3213 484 3307; x_wconf 69' lang='grc' dir='ltr'>ἐ</span> <span class='ocrx_word' id='word_1_344' title='bbox 524 3246 609 3297; x_wconf 84' lang='grc'>88.</span> <span class='ocrx_word' id='word_1_345' title='bbox 665 3242 734 3307; x_wconf 78' lang='lat' dir='ltr'>cf.</span> <span class='ocrx_word' id='word_1_346' title='bbox 774 3243 851 3296; x_wconf 83' lang='grc'>1).</span> <span class='ocrx_word' id='word_1_347' title='bbox 893 3245 977 3307; x_wconf 93' lang='grc'>18,</span> <span class='ocrx_word' id='word_1_348' title='bbox 1008 3247 1058 3306; x_wconf 84' lang='grc'>8,</span> <span class='ocrx_word' id='word_1_349' title='bbox 1091 3246 1173 3304; x_wconf 84' lang='grc'>18,</span> <span class='ocrx_word' id='word_1_350' title='bbox 1204 3244 1238 3291; x_wconf 98' lang='lat'>4</span> <span class='ocrx_word' id='word_1_351' title='bbox 1277 3239 1430 3308; x_wconf 69' lang='lat' dir='ltr'>(Gai.</span> <span class='ocrx_word' id='word_1_352' title='bbox 1471 3240 1613 3306; x_wconf 85' lang='lat'>208).</span> <span class='ocrx_word' id='word_1_353' title='bbox 1672 3241 1755 3302; x_wconf 83' lang='lat'>16,</span> <span class='ocrx_word' id='word_1_354' title='bbox 1784 3242 1834 3303; x_wconf 89' lang='grc'>2,</span> <span class='ocrx_word' id='word_1_355' title='bbox 1866 3242 1915 3302; x_wconf 92' lang='grc'>7,</span> <span class='ocrx_word' id='word_1_356' title='bbox 1947 3242 1975 3290; x_wconf 90' lang='grc'>1</span> <span class='ocrx_word' id='word_1_357' title='bbox 2016 3239 2174 3307; x_wconf 79' lang='lat' dir='ltr'>(Uzp.</span> <span class='ocrx_word' id='word_1_358' title='bbox 2207 3244 2360 3311; x_wconf 83' lang='lat'>818).</span> 
     </span>
     <span class='ocr_line' id='line_1_36' title="bbox 310 3309 1742 3383; baseline -0.005 -17"><span class='ocrx_word' id='word_1_359' title='bbox 310 3317 359 3379; x_wconf 94' lang='grc'>8,</span> <span class='ocrx_word' id='word_1_360' title='bbox 391 3319 441 3379; x_wconf 82' lang='lat'>5,</span> <span class='ocrx_word' id='word_1_361' title='bbox 469 3317 522 3379; x_wconf 90' lang='grc'>7,</span> <span class='ocrx_word' id='word_1_362' title='bbox 554 3318 585 3366; x_wconf 90' lang='grc'>2</span> <span class='ocrx_word' id='word_1_363' title='bbox 625 3313 783 3383; x_wconf 78' lang='lat' dir='ltr'>(Ulp.</span> <span class='ocrx_word' id='word_1_364' title='bbox 823 3314 964 3381; x_wconf 81' lang='lat'><strong>353).</strong></span> <span class='ocrx_word' id='word_1_365' title='bbox 1021 3316 1107 3377; x_wconf 91' lang='grc'>27,</span> <span class='ocrx_word' id='word_1_366' title='bbox 1136 3317 1188 3378; x_wconf 84' lang='lat'>4,</span> <span class='ocrx_word' id='word_1_367' title='bbox 1221 3316 1269 3376; x_wconf 92' lang='lat'>1,</span> <span class='ocrx_word' id='word_1_368' title='bbox 1298 3314 1333 3362; x_wconf 92' lang='lat'>4</span> <span class='ocrx_word' id='word_1_369' title='bbox 1370 3309 1525 3379; x_wconf 65' lang='lat' dir='ltr'>(Uip.</span> <span class='ocrx_word' id='word_1_370' title='bbox 1568 3311 1742 3375; x_wconf 84' lang='lat'>1034).</span> 
     </span>
    </p>

    <p class='ocr_par' dir='ltr' id='par_1_8' title="bbox 310 3379 2359 3593">
     <span class='ocr_line' id='line_1_37' title="bbox 453 3379 2359 3451; baseline 0.001 -13"><span class='ocrx_word' id='word_1_371' title='bbox 453 3389 483 3448; x_wconf 68' lang='grc' dir='ltr'>ἓ</span> <span class='ocrx_word' id='word_1_372' title='bbox 524 3390 609 3438; x_wconf 91' lang='grc'>64.</span> <span class='ocrx_word' id='word_1_373' title='bbox 666 3384 737 3449; x_wconf 81' lang='lat' dir='ltr'>cf.</span> <span class='ocrx_word' id='word_1_374' title='bbox 775 3384 852 3438; x_wconf 88' lang='lat' dir='ltr'>D.</span> <span class='ocrx_word' id='word_1_375' title='bbox 891 3384 1045 3437; x_wconf 74' lang='lat' dir='ltr'>tituli</span> <span class='ocrx_word' id='word_1_376' title='bbox 1086 3387 1171 3447; x_wconf 90' lang='grc'>16,</span> <span class='ocrx_word' id='word_1_377' title='bbox 1201 3387 1232 3434; x_wconf 90' lang='grc'>2</span> <span class='ocrx_word' id='word_1_378' title='bbox 1270 3383 1410 3451; x_wconf 72' lang='lat' dir='ltr'>loyes</span> <span class='ocrx_word' id='word_1_379' title='bbox 1443 3381 1572 3435; x_wconf 75' lang='lat' dir='ltr'>has.-</span> <span class='ocrx_word' id='word_1_380' title='bbox 1627 3384 1658 3431; x_wconf 83' lang='lat'>2</span> <span class='ocrx_word' id='word_1_381' title='bbox 1696 3379 1826 3448; x_wconf 77' lang='lat' dir='ltr'><strong><em>(Iul.</em></strong></span> <span class='ocrx_word' id='word_1_382' title='bbox 1867 3383 2010 3446; x_wconf 87' lang='grc'>840).</span> <span class='ocrx_word' id='word_1_383' title='bbox 2086 3383 2359 3451; x_wconf 74' lang='lat' dir='ltr'>4,(Paul.</span> 
     </span>
     <span class='ocr_line' id='line_1_38' title="bbox 312 3451 2359 3579; baseline 0.002 -73"><span class='ocrx_word' id='word_1_384' title='bbox 312 3458 497 3579; x_wconf 41' lang='lat'>1645}</span> <span class='ocrx_word' id='word_1_385' title='bbox 548 3460 579 3507; x_wconf 90' lang='grc'>5</span> <span class='ocrx_word' id='word_1_386' title='bbox 618 3454 772 3524; x_wconf 77' lang='lat' dir='ltr'>(Gai.</span> <span class='ocrx_word' id='word_1_387' title='bbox 804 3455 945 3522; x_wconf 82' lang='grc'>213).</span> <span class='ocrx_word' id='word_1_388' title='bbox 1012 3459 1043 3507; x_wconf 90' lang='grc'>8</span> <span class='ocrx_word' id='word_1_389' title='bbox 1083 3453 1237 3522; x_wconf 81' lang='lat' dir='ltr'>(Gai.</span> <span class='ocrx_word' id='word_1_390' title='bbox 1269 3454 1411 3521; x_wconf 89' lang='grc'>214).</span> <span class='ocrx_word' id='word_1_391' title='bbox 1472 3457 1537 3506; x_wconf 81' lang='grc'>15</span> <span class='ocrx_word' id='word_1_392' title='bbox 1577 3451 1717 3519; x_wconf 82' lang='lat' dir='ltr'>(Iav.</span> <span class='ocrx_word' id='word_1_393' title='bbox 1750 3451 1856 3518; x_wconf 88' lang='grc'>82).</span> <span class='ocrx_word' id='word_1_394' title='bbox 1908 3455 1974 3505; x_wconf 88' lang='grc'>18</span> <span class='ocrx_word' id='word_1_395' title='bbox 2003 3452 2171 3522; x_wconf 69' lang='lat' dir='ltr'>(Pap.</span> <span class='ocrx_word' id='word_1_396' title='bbox 2204 3457 2359 3526; x_wconf 85' lang='grc'>454).</span> 
     </span>
     <span class='ocr_line' id='line_1_39' title="bbox 310 3527 824 3593; baseline 0.002 -15"><span class='ocrx_word' id='word_1_397' title='bbox 310 3530 376 3579; x_wconf 87' lang='grc'>21</span> <span class='ocrx_word' id='word_1_398' title='bbox 419 3528 438 3593; x_wconf 94' lang='grc'>(</span> <span class='ocrx_word' id='word_1_399' title='bbox 492 3527 605 3579; x_wconf 78' lang='lat' dir='ltr'>aul.</span> <span class='ocrx_word' id='word_1_400' title='bbox 648 3528 824 3593; x_wconf 86' lang='grc'>1278).</span> 
     </span>
    </p>
   </div>
  </div>
 </body>
</html>
