2650 3917
772 808 1334 876 CONSPEOTVS
1381 809 1771 898 RERVMJ)

249 970 459 1026 Omnes
495 969 696 1041 populi
734 973 835 1023 aut
868 969 991 1025 iure
1038 967 1194 1024 civili
1230 972 1331 1024 aut
1366 970 1488 1024 iure
1535 970 1792 1040 gentium

320 1043 561 1097 utuntur
616 1082 1789 1097 ..............
1864 1046 1917 1108 1,
1947 1046 1974 1094 1

250 1115 519 1170 constant
545 1116 737 1168 autem
764 1112 888 1166 iure
915 1129 985 1167 ex
1010 1113 1251 1183 legibus,
1270 1112 1608 1181 plebiscitiS‚
1629 1128 1790 1167 sena-

322 1187 416 1239 tus
436 1184 727 1252 consultis,
742 1184 1245 1240 constitutionibus
1262 1184 1601 1255 principum,
1612 1184 1791 1254 magi-

325 1258 605 1312 stratuum
644 1255 863 1325 edictis,
890 1256 1173 1326 responsis
1201 1256 1568 1325 prudentium
1596 1299 1610 1311 .
1687 1299 1699 1311 .
1776 1299 1789 1311 .
1867 1262 1915 1322 1,
1946 1260 2083 1309 2-7

251 1345 418 1384 omne
455 1329 561 1395 ius,
600 1343 711 1397 quo
745 1328 975 1397 utimur,
1013 1327 1103 1382 vel
1130 1328 1206 1381 ad
1237 1344 1504 1397 personas
1541 1328 1793 1398 pertinet

323 1400 414 1455 vel
451 1400 526 1455 ad
562 1417 649 1453 res
686 1399 777 1454 vel
815 1400 889 1454 ad
926 1399 1177 1454 actiones
1240 1441 1790 1456 .......
1868 1405 1916 1466 1,
1947 1404 1979 1454 8

541 1597 597 1651 1.
640 1595 766 1653 Ivs
808 1593 1013 1671 qvon
1052 1597 1154 1651 An
1192 1593 1582 1653 Punsoms
1617 1596 2016 1652 mmmmm.

254 1706 324 1760 A.
362 1701 580 1760 Omnes
617 1703 894 1759 homines
931 1704 1043 1758 aut
1075 1703 1266 1760 liberi
1294 1704 1440 1759 sunt
1467 1704 1579 1758 aut
1606 1704 1793 1759 servi.
1869 1710 1918 1770 1,
1950 1710 1981 1758 9

361 1774 739 1830 liberorum
765 1775 1109 1829 hominum
1138 1774 1267 1828 alii
1293 1775 1583 1845 ingenui
1610 1778 1794 1841 sunt,

438 1846 565 1901 alii
601 1845 926 1901 libertini
976 1887 1793 1902 ..........
1871 1853 1919 1914 1,
1952 1853 2018 1901 10

438 1921 490 1989 1)
528 1918 816 1988 ingenui
885 1959 1792 1973 ...........
1871 1925 1918 1985 1,
1952 1925 2014 1972 11

437 1991 492 2059 2)
528 1989 854 2044 libertini
890 1992 992 2044 aut
1028 1990 1175 2044 cives
1204 1989 1448 2044 Romani
1475 1993 1576 2044 aut
1604 1988 1796 2044 Latini

527 2066 627 2115 sut
665 2059 1060 2116 dediticiorum
1096 2077 1329 2117 numero
1366 2065 1499 2116 sunt
1604 2103 1618 2117 .
1693 2103 1706 2116 .
1782 2104 1796 2117 .
1873 2068 1921 2129 1,
1953 2068 2018 2115 12

530 2135 584 2202 a)
622 2132 722 2201 qui
760 2132 1158 2187 dediticiorum
1200 2149 1431 2188 numero
1476 2133 1618 2187 fiant
1691 2175 1704 2187 .
1781 2174 1794 2187 .
1872 2141 1919 2201 1,
1952 2138 2161 2187 13--15

525 2203 586 2274 b)
624 2204 724 2272 qui
761 2204 908 2259 cives
936 2204 1177 2258 Romani
1206 2206 1265 2259 et
1301 2204 1400 2274 qui
1428 2204 1619 2258 Latini
1657 2204 1796 2259 fiant
1871 2211 1919 2272 1,
1953 2209 2160 2258 16-22

533 2276 584 2346 c)
622 2274 945 2331 differentis.
1000 2276 1347 2331 condicionis
1402 2275 1799 2330 libertinorum

614 2346 946 2402 Latinorum
992 2364 1295 2416 eorumque
1342 2347 1443 2418 qui
1498 2347 1798 2403 dediticio-

619 2436 745 2473 rum
781 2436 1013 2475 numero
1051 2422 1199 2487 sunt,

619 2493 677 2561 α)
711 2491 865 2561 quod
886 2491 963 2546 ad
986 2492 1078 2545 ius
1106 2491 1301 2546 mortis
1332 2507 1504 2545 causa
1533 2490 1797 2561 capiendi

706 2562 1147 2631 testamentique
1181 2562 1431 2617 faciendi
1514 2605 1527 2617 .
1603 2605 1618 2618 .
1692 2605 1707 2618 .
1781 2604 1796 2618 .
1872 2568 1920 2627 1,
1951 2566 2162 2615 23-25

619 2634 673 2704 β)
710 2634 863 2702 quod
908 2634 983 2688 ad
1027 2633 1223 2689 modos
1267 2634 1540 2704 pertinet,
1592 2634 1798 2703 quibus

709 2705 783 2759 ad
811 2705 1099 2761 civitatem
1125 2706 1437 2761 Romanam
1473 2706 1799 2775 pervenitur
1873 2712 1921 2773 1,
1952 2708 2161 2760 26-85

534 2774 592 2845 d)
631 2776 705 2830 ad
741 2776 928 2848 legem
963 2777 1186 2832 Aeliam
1213 2776 1468 2833 Sentium
1496 2778 1567 2832 de
1603 2794 1800 2831 manu-

620 2848 983 2904 missionibus
1067 2891 1794 2906 .........
1872 2855 1921 2916 1,
1952 2853 2190 2915 36-41ς
2228 2852 2297 2901 47

537 2919 590 2989 e)
626 2919 702 2974 ad
735 2919 922 2991 legem
951 2921 1167 2975 Fufiam
1196 2920 1495 2976 Caniniam
1523 2919 1593 2974 de
1627 2919 1797 2975 servis

621 2994 960 3047 testamento
998 2992 1467 3048 manumittendis
1515 3034 1528 3047 .
1606 3035 1617 3046 .
1695 3035 1706 3045 .
1785 3035 1795 3047 .
1873 2998 1922 3058 1,
1951 2996 2162 3045 42—46

265 3063 342 3120 B.
382 3060 691 3139 Quaedam
726 3079 1026 3134 personae
1064 3064 1165 3120 sui
1199 3065 1362 3121 iur1s
1400 3064 1576 3136 sunt,
1616 3078 1798 3131 quse·

374 3134 512 3190 dnm
544 3135 754 3192 alieno
791 3135 923 3191 iuri
959 3137 1105 3192 sunt
1141 3136 1456 3193 subiectae
1514 3176 1529 3191 .
1604 3178 1615 3188 .
1693 3176 1706 3189 .
1781 3178 1795 3189 .
1873 3141 1921 3201 1,
1952 3139 2020 3188 48

443 3207 1549 3334 quatias&”zteissffsstsuffssffffi
1574 3208 1797 3332 „5333‘

519 3349 700 3406 aliae
736 3351 807 3404 in
842 3297 1186 3420 {nancipio
1214 3323 1384 3405 ’sunt
1433 3395 1440 3401 .
1519 3393 1531 3404 .
1609 3392 1621 3404 .
1697 3391 1710 3404 .
1784 3321 1799 3346 ’
1877 3354 1926 3416 1,
1954 3354 2050 3416 493
2089 3353 2158 3402 50

270 3495 465 3620 daug)
512 3494 820 3548 secundum
856 3492 1280 3563 Bocckingium‚
1330 3492 1429 3547 sed
1471 3493 1564 3547 hic
1599 3491 1720 3547 illic
1766 3494 1965 3547 auctus
2011 3493 2071 3546 et
2115 3507 2301 3546 emen-
