2650 3917
240 492 306 540 98

343 135 476 200 234
939 135 1064 189 GAI
1097 135 1354 189 INSTIT.
1392 136 1443 189 Π
1481 141 1778 190 164-167.

343 300 610 364 ditatem
656 297 897 384 grande
951 320 1057 362 aes
1123 299 1430 382 alienum,
1498 300 1670 383 quod
1725 299 1935 363 aditae
1999 299 2376 364 hereditatis

345 392 631 471 tempore
678 388 937 471 latebat,
984 390 1400 472 apparuisset.
1443 385 1452 476 1

476 477 604 543 164.
654 477 994 541 Extraneis
1061 477 1404 542 heredibus
1461 478 1626 542 solet
1680 479 1879 542 cretio
1935 478 2100 560 dari,
2155 476 2221 542 id
2248 519 2253 524 -
2281 482 2377 543 est

344 568 491 631 finis
557 566 971 649 deliberandi,
1036 571 1109 630 ut
1162 568 1334 631 intra
1388 571 1632 631 certum
1679 571 1932 650 tempus
1979 568 2086 632 uel
2146 567 2377 631 adeant

344 656 763 721 hereditatem
809 658 931 740 uel,
979 657 1033 721 si
1079 678 1211 721 non
1258 657 1512 739 adeant,
1559 656 1867 741 temporis
1913 657 2040 721 fine
2097 678 2377 720 summo-

343 750 643 810 ueantur:
689 746 832 810 ideo
880 749 1094 810 autem
1141 745 1340 811 cretio
1389 745 1709 829 appellata
1755 749 1878 829 est,
1925 746 2077 828 quia
2123 767 2379 810 cernere

344 838 442 900 est
489 836 671 919 quasi
719 835 1052 900 decernere
1098 840 1163 899 et
1209 836 1610 900 constituere.
1704 834 1826 899 165.
1878 833 2040 899 Cum
2085 856 2242 919 ergo
2286 836 2378 898 ita

344 925 658 1008 scriptum
710 925 821 988 sit:
884 940 1112 989 HERES
1178 941 1409 988 TITIVS
1474 941 1674 1007 ESTO,
1737 925 1983 988 adicere
2048 924 2379 989 debemus:

345 1030 794 1090 OERNITOQVE
860 1031 935 1076 ΙΝ
1001 1029 1288 1077 CENTVM
1354 1030 1606 1077 DIEBVS
1674 1029 2056 1096 PROXVMIS,
2124 1030 2376 1089 QVIBVS

344 1119 534 1167 SOIES
584 1118 1043 1179 POTERISQVE.
1138 1119 1331 1179 QVOD
1372 1121 1446 1166 NI
1484 1121 1604 1166 ITA
1644 1118 2004 1186 OREVERIS,
2050 1119 2377 1166 EXHERES

343 1208 540 1256 ESTO.
642 1191 769 1256 166.
816 1191 906 1255 Et
961 1192 1073 1275 qui
1129 1193 1222 1256 ita
1274 1192 1459 1257 heres
1515 1192 1851 1256 institutus
1908 1195 2033 1274 est,
2099 1192 2154 1255 si
2218 1191 2382 1256 uelit

344 1281 528 1346 heres
566 1302 722 1364 esse,
767 1281 1025 1345 debebit
1071 1281 1241 1346 intra
1287 1282 1455 1345 diem
1503 1282 1806 1347 cretionis
1855 1302 2128 1366 cernere⁷
2176 1281 2245 1345 id
2283 1285 2381 1346 est

342 1370 499 1435 haec
544 1370 741 1434 uerba
788 1370 1019 1434 dicere:
1070 1388 1260 1447 QVOD
1300 1390 1399 1434 ME
1451 1388 1742 1435 PVBLIVS
1791 1387 2048 1434 MEVIVS
2069 1370 2091 1407 ¹
2130 1388 2382 1435 TESTA-

343 1477 588 1525 MENTO
636 1476 766 1524 SVO
823 1478 1166 1524 HEREDEM
1220 1477 1607 1543 1NST1TV1T,
1662 1477 1809 1523 EAM
1864 1477 2382 1523 HEREDITATEM

343 1566 534 1614 ADEO
576 1565 968 1626 OERNOQVE.
1062 1550 1234 1633 quod
1273 1550 1327 1614 si
1366 1550 1458 1614 ita
1494 1570 1627 1614 non
1664 1549 1957 1632 creuerit,
1993 1549 2182 1613 finito
2220 1555 2384 1613 tem·

343 1660 500 1722 pore
566 1638 868 1702 cretionis
934 1638 1319 1721 excluditur3
1386 1659 1506 1703 nec
1570 1640 1916 1721 quicquam
1981 1639 2268 1721 proficit,
2329 1640 2386 1702 si

343 1749 462 1811 pro
501 1727 734 1792 herede
772 1731 969 1812 gerat,
1017 1728 1082 1792 id
1120 1732 1234 1810 est,
1280 1728 1336 1792 si
1371 1729 1562 1792 rebus
1608 1727 2012 1792 hereditariis
2050 1733 2385 1811 tamquam

343 1818 527 1882 heres
575 1820 812 1881 utatur.
904 1816 1028 1882 187.
1070 1815 1167 1881 *At
1199 1818 1273 1900 is,
1312 1818 1427 1900 qui
1464 1818 1601 1881 sine
1650 1818 1930 1881 cretione
1977 1817 2162 1880 heres
2200 1817 2387 1881 insti-

344 1910 514 1971 tutus
563 1908 675 1989 sit,
732 1910 845 1970 aut
890 1906 1000 1989 qui
1048 1906 1129 1970 ab
1176 1906 1482 1971 intestato
1539 1906 1831 1992 legitimo
1888 1905 2025 1971 iure
2071 1906 2152 1970 ad
2206 1906 2385 1971 here-

346 1997 614 2061 ditatem
662 1999 962 2078 uocatur,
1009 1999 1225 2079 potest
1270 1999 1383 2058 aut
1439 1996 1754 2061 cernendo
1813 2000 1926 2059 aut
1970 2017 2090 2080 pro
2151 1995 2388 2061 herede

346 2085 623 2170 gerendo
680 2083 786 2148 uel
841 2085 1035 2149 etiam
1088 2085 1263 2149 nuda
1317 2085 1654 2150 uoluntate
1710 2084 2152 2169 suscipiendae
2206 2084 2390 2150 here-

346 2174 567 2238 ditatis
614 2174 794 2238 heres
841 2173 1007 2238 fieri:
1054 2175 1240 2258 eique
1285 2174 1562 2239 liberum
1610 2180 1724 2258 est,
1770 2195 2178 2258 quocumque
2222 2180 2387 2240 tem-

492 2371 543 2437 1)
582 2366 764 2421 Titius
802 2366 869 2421 v.

489 2534 519 2595 ξ
562 2534 679 2581 164.
735 2529 805 2595 cf.
858 2529 977 2597 Uzp.
1020 2534 1104 2595 22,
1136 2535 1220 2582 27.
1298 2530 1474 2584 Varro
1512 2529 1577 2582 de
1615 2529 1649 2581 l.
1678 2530 1714 2582 l.
1757 2534 1804 2596 7,
1835 2533 1885 2596 5,
1917 2532 2002 2581 98.
2068 2528 2206 2582 Isid.
2248 2530 2386 2599 oriy.

348 2607 398 2670 5,
430 2607 515 2665 24,
548 2607 613 2654 15
633 2618 707 2669 sq.
766 2601 980 2669 (Bruns
1019 2599 1114 2666 11⁶,
1140 2603 1246 2669 84).
1326 2600 1434 2655 Cic.
1483 2601 1547 2654 de
1593 2600 1690 2670 leq.
1729 2617 1848 2670 αρν.
1889 2607 1937 2666 2,
1972 2606 2056 2667 15,
2087 2604 2172 2652 40.
2229 2601 2385 2655 Plin.

345 2692 400 2727 n.
431 2674 482 2726 h.
523 2678 572 2737 2,
603 2677 687 2725 95.
762 2672 940 2725 Seme.
988 2673 1120 2742 sym.
1161 2677 1229 2724 88
1275 2673 1356 2726 ed.
1396 2672 1589 2726 Haase
1624 2671 1718 2735 ΙΙΙ,
1748 2676 1870 2724 434.
1948 2670 2004 2725 Ο.
2051 2672 2149 2725 Th.
2190 2675 2241 2736 4,
2275 2677 2321 2738 1,
2356 2679 2383 2726 1

347 2748 419 2815 (α.
459 2747 601 2812 426).
660 2749 710 2810 8,
742 2748 826 2810 18,
857 2748 906 2809 8,
939 2749 966 2796 1
1001 2770 1068 2789 --.
1102 2743 1158 2798 0.
1198 2745 1337 2797 Just.
1378 2749 1427 2810 8,
1458 2748 1542 2810 30,
1577 2748 1641 2796 17
1680 2745 1752 2811 (a.
1794 2746 1935 2812 407).

490 2821 520 2881 ξ
562 2820 681 2869 165.
739 2816 807 2882 cf.
855 2816 1014 2881 infra
1061 2820 1262 2883 2,171.
1349 2815 1524 2869 Varro
1581 2814 1646 2868 de
1701 2817 1733 2869 l.
1764 2816 1799 2869 Ζ.
1840 2820 1889 2881 6,
1919 2821 1969 2884 8,
2000 2820 2084 2868 81.
2163 2815 2274 2870 Cic.
2321 2816 2389 2869 de

351 2894 488 2943 orat.
531 2892 695 2954 1,22,
728 2891 846 2939 101.

490 2963 520 3023 8
562 2963 680 3012 166.
737 2958 807 3024 cf.
859 2958 979 3026 Ulp.
1020 2962 1107 3025 22,
1137 2962 1231 3023 253
1272 2962 1366 3022 26³
1407 2962 1490 3010 28.
1577 2957 1725 3012 Fest.
1774 2975 1853 3027 ep.
1902 2975 1951 3013 v.
1999 2961 2142 3015 crem·
2196 2979 2259 3030 p.
2301 2966 2387 3014 63.

353 3031 509 3086 (lons.
551 3035 599 3094 6,
633 3035 699 3082 19
756 3030 908 3098 (Coei.
950 3030 1208 3098 Hermoy.
1264 3048 1318 3083 a.
1359 3031 1500 3098 294).
1556 3030 1606 3082 Ι.
1646 3035 1696 3097 2,
1729 3036 1813 3096 19,
1846 3035 1892 3083 7.
1960 3031 2221 3100 diptycha
2278 3034 2388 3088 duo

348 3102 712 3167 Arsinoitiea,
766 3118 904 3170 quae
942 3101 1115 3156 edidit
1149 3099 1415 3171 Seymour
1451 3101 1516 3155 de
1553 3101 1714 3156 Ricci
1750 3102 1934 3155 Nouv.
1973 3103 2158 3158 Revue
2193 3105 2387 3160 histor.

348 3171 500 3225 XXX
538 3174 739 3242 (1906),
777 3176 898 3225 480.
938 3177 1058 3225 482.

494 3250 523 3309 ς
567 3248 683 3297 167.
743 3245 812 3309 cf.
851 3245 1010 3311 infra
1047 3249 1096 3310 8,
1127 3249 1212 3296 87.
1281 3244 1401 3313 Uzp.
1442 3250 1528 3309 22,
1559 3250 1644 3298 26.
1699 3245 1751 3297 Ι.
1790 3249 1840 3313 2,
1873 3249 1957 3312 19,
1989 3251 2036 3299 7.
2096 3247 2154 3301 C.
2201 3248 2298 3301 Th.
2338 3253 2389 3314 2,

353 3322 438 3382 16,
468 3321 518 3381 2,
548 3321 580 3368 4
629 3317 699 3383 (a.
734 3319 836 3368 315
878 3332 973 3370 seu
1004 3318 1143 3384 319).
1219 3321 1350 3383 4,1,
1383 3322 1410 3369 1
1470 3319 1542 3386 (α.
1582 3319 1723 3385 426).
1805 3317 1909 3372 Tit.
1952 3323 2001 3383 8,
2035 3322 2118 3371 18.
2186 3319 2261 3371 D.
2302 3323 2388 3387 28,

352 3393 402 3454 5,
434 3392 519 3453 28,
550 3393 580 3440 2
621 3386 833 3455 (Pomp.
883 3389 1023 3453 390).
1080 3392 1167 3451 28,
1197 3392 1246 3453 8,
1279 3393 1326 3451 1,
1360 3393 1416 3453 13
1448 3394 1477 3440 2
1537 3390 1686 3458 (Πίῳ.
1730 3391 1906 3457 1396).
1965 3394 2050 3457 28,
2081 3394 2131 3456 8,
2163 3395 2192 3441 3
2233 3391 2390 3460 (Uip.

356 3460 532 3526 1398).
591 3463 675 3522 28,
706 3462 756 3523 8,
787 3464 818 3510 5
831 3476 920 3526 pr.
961 3459 1111 3527 (Uzp.
1145 3460 1321 3526 1397).
1381 3463 1465 3527 28,
1495 3466 1598 3528 8,8
1645 3461 2007 3530 (Πιμ1407)
2068 3462 2124 3517 0.
2159 3467 2208 3529 8,
2239 3466 2325 3530 80,
2357 3468 2389 3514 9

354 3533 428 3599 (a.
460 3531 602 3598 293).
661 3533 712 3595 6,
741 3533 924 3596 30,10
962 3532 1034 3598 (a.
1066 3532 1207 3599 294).
