2650 3917
877 153 1244 208 MASVRIVS
1283 153 1607 208 SABINVS.
2185 156 2269 221 75

369 316 456 382 10.
504 316 593 381 Et
640 317 709 380 in
753 315 978 381 eodem
1032 315 1228 381 libro:
1288 316 1477 381 ‘Eam
1530 321 1787 383 noctem
1843 318 2270 404 deincepsque

237 408 683 490 insequentem
730 405 927 490 diem,
988 406 1101 489 qui
1148 410 1245 470 est
1291 406 1679 472 Lucarium’.
1727 445 1812 454 --
1861 409 2142 474 Macrob.
2190 407 2268 474 ib.

367 496 446 561 11.
500 494 847 560 1Masurius
886 498 950 560 et
996 494 1108 559 alii
1144 516 1274 560 uno
1322 495 1444 579 die,
1490 496 1557 560 id
1599 500 1697 561 est
1745 502 1975 581 quarto
2022 497 2269 564 decimo

236 584 561 650 Kalendas
617 582 967 668 Ianuarias,
1030 584 1232 649 fuisse
1289 583 1657 650 Saturnalia
1713 585 2135 651 crediderunt.
2181 624 2271 634 —

239 674 525 740 Maorob.
574 672 706 739 Sat.
749 674 804 756 1,
847 673 947 757 10,
986 674 1045 738 5.
2324 701 2350 743 ⁶

365 763 454 828 12.
503 761 827 827 Masurius
874 725 1070 827 adicit
1117 762 1535 828 simulacrum
1571 761 1765 829 huius
1804 764 1957 828 deae
1996 762 2102 851 (sc.
2139 764 2271 829 An-

235 850 568 938 geroniae)
615 873 725 917 ore
772 851 1061 938 obligato
1116 855 1310 936 atque
1368 853 1624 938 signato
1671 852 1740 917 in
1794 876 1906 918 ara
1952 853 2272 938 Volupiae

233 946 580 1026 propterea
625 940 1039 1024 collocatum,
1094 941 1270 1025 quod
1314 942 1429 1026 qui
1475 963 1624 1006 suos
1682 942 1935 1008 dolores
1992 944 2275 1008 anxieta-

231 1036 460 1133 tesque
508 1029 948 1111 dissimulant,
993 1032 1375 1115 perueniant
1426 1032 1778 1115 patientiae
1832 1032 2144 1097 beneficio
2191 1033 2272 1096 ad

233 1121 584 1184 maximam
631 1119 1054 1203 uoluptatem.
1104 1157 1188 1166 —
1235 1119 2028 1206 Maerob.Sat.1,10‚8.
2301 1149 2353 1189 10

949 1332 1074 1418 DE
1105 1332 1570 1387 INDIGENIS.

363 1441 453 1505 13.
502 1439 830 1504 Masurius
877 1444 1094 1506 autem
1132 1439 1411 1505 Sabinus
1449 1441 1518 1505 in
1564 1442 2061 1524 commentariis,
2108 1463 2271 1525 quos

232 1531 308 1594 de
355 1529 683 1615 indigenis
731 1531 1109 1614 composuit,
1160 1529 1605 1616 ‘religiosum',
1643 1532 1874 1614 inquit,
1912 1531 2052 1614 ‘est,
2100 1530 2274 1615 quod

235 1624 507 1703 propter
554 1617 962 1683 sanctitatem
1009 1617 1293 1702 aliquam
1346 1623 1665 1684 remotum
1711 1642 1786 1684 ac
1832 1620 2187 1704 sepositum
2235 1642 2273 1684 a

227 1708 417 1773 nobis
448 1712 575 1792 est3
607 1707 876 1772 uerbum
903 1730 941 1771 a
967 1707 1390 1793 relinquendo
1422 1709 1684 1792 dictum,
1716 1712 2048 1793 tamquam
2079 1710 2273 1774 caeri-
2302 1737 2353 1777 ιο

231 1798 489 1862 moniae
536 1819 575 1860 a
621 1796 937 1862 carendo'.
1030 1835 1118 1844 —
1170 1797 1325 1863 Gen.
1366 1798 1426 1881 4,
1465 1799 1524 1882 9,
1564 1798 1621 1862 8.
1695 1800 1770 1880 cf.
1818 1799 2100 1864 Macrob.
2140 1797 2271 1864 Sat.

229 1887 290 1971 3,
329 1887 390 1971 3,
420 1887 460 1951 8
512 1884 737 1973 (supra
782 1887 854 1951 in
899 1884 1029 1952 Ser.
1070 1884 1350 1968 Sulpicio
1401 1887 1483 1951 14
1518 1909 1670 1971 pay.
1710 1884 1843 1972 35).

929 2117 1138 2170 MEM
1141 2115 1436 2171 ORIALI
1441 2117 1573 2171 VM.

364 2225 455 2290 14.
507 2221 635 2288 Sed
683 2222 959 2289 Sabinus
1015 2224 1341 2290 Masurius
1398 2226 1470 2289 in
1513 2226 1725 2309 primo
1781 2226 2272 2312 memorialium,

229 2318 491 2379 secutus
530 2312 845 2397 quosdam
881 2313 1193 2379 historiae
1232 2315 1597 2398 scriptores,
1625 2314 1863 2379 Accam
1901 2315 2271 2381 Larentiam
2301 2342 2353 2382 so

229 2402 499 2467 Romuli
543 2403 863 2467 nutricem
900 2402 1103 2468 fuisse
1141 2403 1315 2467 dicit.
1411 2402 1574 2488 ‘Ea’,
1620 2405 1851 2489 inquit,
1900 2405 2157 2470 ‘mulier
2195 2427 2273 2470 ex

231 2491 574 2557 duodecim
621 2490 776 2556 filiis
822 2492 1110 2556 maribus
1157 2514 1359 2556 unum
1398 2498 1606 2558 morte
1653 2494 1889 2559 amisit.
1981 2495 2050 2558 in
2095 2493 2271 2559 illius

227 2581 445 2646 locum
493 2579 814 2644 Romulus
861 2580 1069 2646 Accae
1117 2603 1256 2646 sese
1301 2580 1512 2646 filium
1559 2581 1736 2647 dedit
1774 2605 1969 2667 seque
2008 2588 2073 2648 et
2110 2588 2274 2648 cete-

230 2692 338 2735 ros
385 2669 525 2734 eius
576 2668 749 2734 filios
804 2669 1038 2735 fratres
1095 2669 1345 2734 aruales
1401 2669 1772 2755 appellauit.
1865 2694 1944 2737 ex
1990 2693 2066 2737 eo
2113 2677 2273 2738 tem-

228 2781 388 2844 pore
436 2757 787 2844 collegium
832 2760 1069 2823 mansit
1114 2759 1389 2823 fratrum
1437 2759 1756 2826 arualium
1800 2783 2067 2827 numero
2114 2761 2270 2827 duo·
2299 2787 2351 2829 ευ

229 2848 467 2931 decim,
524 2847 708 2912 cuius
773 2848 1116 2914 sacerdotii
1179 2848 1435 2934 insigne
1482 2853 1578 2914 est
1644 2851 1859 2935 spicea
1923 2872 2161 2915 corona
2207 2853 2271 2915 et

226 2937 416 3002 albae
463 2935 750 3002 infulae'.
798 2975 882 2984 —
936 2937 1093 3004 Gen.
1141 2936 1334 3064 7(6),
1375 2938 1432 3022 7,
1471 2940 1528 3003 8.

362 3027 451 3092 15.
499 3024 715 3091 Huius
781 3025 1166 3092 commenti²
1230 3025 1337 3112 (sc.
1385 3025 1684 3093 Herculis
1733 3027 2019 3093 Victoris
2082 3026 2270 3117 dicti)

226 3137 489 3180 causam
529 3114 888 3180 Massurius
926 3114 1204 3181 Sabinus
1250 3117 1726 3182 memorialium
1772 3116 1942 3182 libro
1991 3118 2270 3184 secundo

226 3204 418 3270 aliter
482 3204 771 3288 exponit.
865 3204 1191 3289 Marcus',
1253 3206 1487 3290 inquit,
1543 3204 1876 3272 ‘Octauius
1939 3206 2271 3273 Herrenus
2299 3232 2354 3274 so

373 3402 424 3470 1)
467 3401 615 3454 cwm
653 3399 929 3454 Dirlcseno
983 3416 1097 3454 non
1152 3400 1358 3466 dubito,
1414 3402 1551 3469 quin
1589 3408 1639 3456 et
1681 3402 1781 3457 hoc
1834 3409 1884 3457 et
1935 3418 2161 3471 sequens
2194 3402 2267 3469 fr.

229 3472 305 3525 ad
356 3471 589 3527 eundem
646 3469 848 3525 librum
892 3471 1307 3540 pertinuerint&
1366 3474 1483 3526 Hu.
1632 3476 1685 3541 2)
1733 3473 2091 3544 cognomenti
2145 3473 2270 3529 Sal-

229 3545 449 3598 nasius.
