2650 3917
374 163 472 228 >26
1198 163 1261 219 Is.
1298 162 1595 217 CINOIVS.

387 328 452 392 οἱ
466 325 1351 411 μισθωταὶῑτὰςπροσόδους
1456 328 1662 393 siones
1704 327 2057 408 inferebant
2087 329 2421 409 praeteriti

389 414 738 502 εἰσέφερον
752 424 872 481 τοῦ
893 418 1351 529 παρελθόντος
1457 418 1654 499 spatii
1698 418 1994 498 temporis
2059 417 2212 483 aliis
2249 418 2421 499 fruc-

387 506 639 570 κύκλου
671 503 912 590 ἑτέρων
934 516 1210 589 καρπῶν
1232 500 1351 570 αὖ-
1457 506 1622 571 tibus
1650 526 1874 571 ruff-ms
1896 506 2419 589 provenientibus.

389 601 506 670 θις
561 593 1032 707 ἐπερχομένων.
1129 593 1351 679 Νοέμ-
1443 595 1804 661 ¹November
1830 602 2036 661 autem
2065 602 2286 678 postea
2310 617 2423 662 no·

332 709 358 750 5
387 686 576 768 βριος
657 680 786 748 δε
820 683 1102 768 ὕστερον
1185 683 1351 749 ὠνο-
1458 686 1740 750 minatus
1774 690 1862 750 est
1896 706 1938 750 a
1978 706 2266 762 numer&
2312 706 2424 751 no-

385 773 611 856 μοὲσθη
687 772 760 847 ἐκ
831 782 952 838 τοῦ
1025 772 1348 857 ἀριθμοῦ·
1457 794 1581 839 nus
1625 775 1793 839 enim
1839 795 1881 839 a
1927 775 2191 839 thio,

387 864 661 939 ἔννατος
707 863 832 946 γὰρ
875 860 948 927 ἐκ
992 872 1112 927 τοῦ
1159 866 1349 946 Mao—
1779 913 1781 915 v
1833 891 1836 894 ·

386 955 554 1017 τίου.
606 988 682 997 -
733 951 827 1016 Io.
865 951 1026 1034 Isyd.
1057 952 1133 1016 de
1157 972 1347 1018 mens.

376 1040 901 1124 ,4,144p.164‚16
918 1042 1009 1105 ed.
1025 1040 1348 1107 Wuensch.

309 1157 360 1196 10
387 1131 463 1211 cf.
509 1130 676 1195 Fest.
731 1150 781 1195 s.
827 1152 880 1195 ν.
932 1131 1350 1196 macedonios

374 1241 444 1301 p.
488 1218 634 1302 124,
668 1220 767 1283 11.
1451 1225 1460 1232 ”

1137 1343 1264 1396 DE
1299 1341 1677 1398 GOMITIIS.

522 1434 577 1499 6.
624 1433 942 1498 Patricios
1011 1432 1269 1499 Cincius
1318 1434 1411 1498 ait
1458 1434 1529 1498 in
1591 1431 1761 1498 libro
1828 1434 1906 1498 de
1970 1434 2252 1500 comitiis
2313 1455 2422 1499 eos

388 1521 702 1608 appellari
750 1522 1000 1608 solitos,
1048 1523 1160 1607 qui
1205 1545 1378 1588 nunc
1422 1524 1690 1610 ingenui
1736 1527 2066 1588 uocentur.
2111 1541 2201 1571 —-²
2254 1525 2425 1590 Fest.

291 1625 360 1678 '15
389 1634 442 1677 ν.
468 1614 781 1707 patricios
811 1635 881 1694 p.
923 1612 1070 1715 2417

840 1771 964 1825 DE
1002 1770 1203 1827 GONS
1210 1770 1310 1825 VL
1321 1771 1450 1826 VM
1479 1770 1585 1826 Po
1593 1770 1844 1826 TESTA
1855 1772 1974 1825 ΤΕ.

525 1863 579 1927 7.
624 1861 895 1927 Praetor
950 1863 1031 1926 ad
1085 1866 1343 1947 portam
1407 1885 1579 1927 nunc
1646 1862 1965 1927 salutatur
2018 1863 2074 1927 is
2085 1860 2129 1946 ²,
2194 1862 2308 1946 qui
2356 1863 2425 1926 in

387 1951 794 2035 prouinciam
839 1974 958 2035 pro
1005 1955 1302 2036 praetore
1365 1957 1477 2017 aut
1522 1975 1642 2037 pro
1701 1952 1965 2017 consule
2022 1951 2180 2016 exit:
2239 1952 2425 2016 cuius

388 2040 481 2104 rei
542 2062 790 2104 morem
846 2041 938 2105 ait
1002 2041 1204 2105 fuisse
1271 2039 1530 2106 Cincius
1577 2042 1648 2105 in
1709 2041 1879 2106 libro
1946 2042 2023 2105 de
2084 2040 2425 2105 consulum

309 2156 362 2195 20
388 2132 712 2214 potestate
783 2129 1006 2194 talem·
1080 2129 1413 2195 Albanos⁸
1465 2153 1681 2195 rerum
1754 2131 1999 2215 potitos
2072 2150 2279 2214 usque
2344 2130 2427 2194 ad

388 2218 651 2282 Tullum
679 2241 916 2305 regem.
981 2218 1153 2283 Alba
1181 2220 1410 2284 deinde
1439 2221 1653 2284 diruta
1682 2241 1886 2305 usque
1913 2221 1997 2284 ad
2022 2219 2093 2284 P.
2113 2218 2428 2283 Decium4

388 2306 642 2372 Murem
706 2329 833 2373 cos.
924 2308 1202 2393 populos
1257 2309 1527 2374 Latinos
1593 2310 1675 2373 ad
1739 2313 1933 2393 caput
1988 2305 2427 2393 Ferentinae⁵,

390 2397 566 2498 quod
611 2400 709 2461 est
758 2397 877 2461 sub
924 2401 1147 2462 monte
1193 2388 1479 2483 Albano,
1527 2398 1861 2464 consulere
1916 2397 2149 2463 solitos
2197 2401 2261 2461 et
2308 2398 2425 2462 im-

387 2486 640 2570 perium
702 2487 1029 2551 communi
1094 2487 1366 2553 consilio
1433 2488 1898 2553 administrare.
2008 2488 2228 2572 itaque
2295 2510 2426 2572 quo

309 2602 360 2642 25
389 2597 557 2639 anno
572 2574 597 2613 θ
659 2574 991 2641 Romanos
1064 2576 1487 2661 imperatores
1501 2575 1525 2614 ⁷
1588 2578 1669 2641 ad
1739 2577 2092 2642 exercitum
2163 2577 2427 2642 mittere

391 2668 745 2749 oporteret,
791 2666 973 2729 iussu
1027 2667 1308 2731 nominis
1364 2666 1583 2731 Latini
1640 2667 1981 2751 conplures
2037 2669 2300 2730 nostros
2358 2667 2428 2731 in

390 2752 711 2838 Capitolio
760 2777 798 2817 a
837 2756 971 2819 sole
1019 2756 1266 2820 oriente
1313 2756 1620 2841 auspiciis
1668 2777 1928 2840 operam
1976 2756 2126 2819 dare
2175 2756 2427 2820 solitos.

388 2842 501 2907 ubi
549 2865 700 2907 aues
759 2843 1184 2928 addixissent,
1238 2846 1516 2910 militem
1572 2845 1787 2930 illum,
1844 2846 1955 2930 qui
2012 2867 2050 2908 a
2096 2846 2427 2909 communi

387 2932 576 2996 Latio
613 2933 851 2997 missus
889 2937 1077 3018 esset,
1122 2934 1327 3019 illum,
1375 2956 1568 3019 quem
1605 2956 1756 2998 aues
1805 2934 2203 3019 addixerant,
2247 2956 2429 3018 prae-

308 3048 362 3088 ao
389 3025 599 3086 torem
647 3022 926 3087 salutare
973 3023 1256 3108 solitum,
1305 3024 1418 3109 qui
1465 3046 1606 3088 eam
1652 3024 2056 3107 prouinciam
2103 3023 2430 3108 optineret

388 3111 706 3196 praetoris
751 3112 1029 3176 nomine.
1075 3150 1165 3158 —
1208 3114 1377 3178 Fest.
1414 3135 1469 3178 v.
1494 3119 1757 3195 praetor
1788 3134 1858 3194 p.
1897 3112 2048 3176 241.

535 3272 584 3339 1)
622 3267 908 3339 μισθωταί
959 3270 1292 3338 scripsimus
1347 3267 1625 3340 μισθωτοί
1679 3271 1800 3325 edd.
1903 3273 2001 3340 2)
2038 3269 2128 3323 his
2164 3272 2282 3326 cod.

389 3344 442 3410 3)
480 3341 717 3395 albanus
753 3342 868 3396 cod.
1023 3343 1078 3411 4)
1117 3342 1191 3394 ad
1227 3341 1285 3394 P
1325 3342 1563 3397 Decium
1609 3343 1859 3397 Ursinus
1909 3344 1971 3395 at
2005 3344 2273 3410 poectum
2309 3343 2429 3399 cod.

389 3416 442 3482 5)
480 3415 651 3481 caput
686 3412 1019 3467 Ferentinae
1066 3413 1318 3468 Ursinus.
1377 3413 1595 3481 capudo
1633 3413 1921 3467 etentinae
1958 3413 2073 3467 cod.
2224 3417 2280 3483 6)
2315 3431 2432 3483 quo

380 3501 534 3538 anno
588 3485 703 3539 cod.
761 3484 987 3552 quando
1047 3485 1353 3539 Mommsen
1406 3485 1639 3540 Staatsr
1677 3484 1771 3552 ΠΙ,
1811 3489 1933 3551 619,
1963 3490 2011 3538 2.
2163 3487 2217 3554 7)
2253 3486 2433 3556 imprs

388 3557 503 3612 cod.
559 3556 954 3626 imperatorem
990 3557 1109 3610 Hu.
