2650 3917
350 129 484 193 452
854 129 1156 184 VLPIAM
1191 129 1538 185 REGVLAE
1574 130 1652 184 VT
1687 136 1881 187 8—13.

349 293 576 358 funeta
602 291 906 357 muliere¹
934 292 1156 358 heredi
1183 295 1320 358 eius
1349 294 1523 358 aetio
1559 316 1693 359 non
1719 294 1911 359 aliter
1947 295 2153 377 datur,
2190 317 2385 379 quam

350 383 406 445 si
452 403 701 446 moram
746 382 817 446 in
862 382 1012 446 dote
1055 383 1313 447 mulieri
1360 383 1682 447 reddenda
1724 384 1996 449 maritus
2041 384 2285 449 fecerit.

483 473 537 536 8.
597 470 734 535 Dos
789 471 845 536 si
899 472 1182 554 pondere
1236 470 1546 536 numero²
1591 495 1896 537 mensura
1959 473 2384 556 contineatur,

348 582 561 624 annua
616 560 792 624 bima
845 562 1040 625 trima
1086 558 1226 625 die³
1278 560 1623 645 redditu-4,
1668 562 1821 626 nisi
1845 562 1901 626 si
1954 566 2031 627 ut
2081 583 2382 646 praesens

348 648 678 733 reddatur,
725 652 1114 714 conuenerit.
1186 650 1474 734 reliquae
1522 651 1702 715 dotes
1749 652 1972 715 statim
2007 651 2383 716 redduntur.

481 739 535 802 9.
583 738 1001 804 Retentiones
1040 762 1121 804 ex
1156 739 1308 804 dote
1346 740 1514 803 fiunt
1549 746 1663 804 aut
1691 746 1944 822 propter
1978 739 2242 805 liber-08⁵
2270 745 2384 805 aut

346 832 613 912 propter
666 849 877 892 mores
934 833 1046 893 aut
1100 833 1369 912 propter
1423 830 1724 913 inpensas
1779 833 1893 894 aut
1947 835 2217 914 propter
2279 851 2382 894 res

350 916 622 981 donatas
669 921 782 980 aut
827 921 1095 1002 propter
1138 940 1241 982 res
1290 922 1558 982 amotas,

479 1005 566 1069 10.
626 1005 904 1090 Propter
955 1006 1195 1071 liberos
1250 1006 1527 1072 retentio
1584 1008 1687 1087 fit,
1734 1008 1791 1071 si
1845 1006 2037 1092 eulpa
2090 1007 2382 1072 mulieris

346 1098 458 1159 aut
514 1095 746 1180 patriS,
803 1096 985 1160 euius
1040 1096 1109 1159 in
1163 1100 1483 1180 potestate
1544 1101 1669 1174 est,
1725 1096 2079 1162 diuortium
2139 1097 2382 1161 factum

347 1184 458 1268 sit3
519 1189 675 1248 tunc
733 1184 906 1250 enim
967 1186 1374 1271 singulorum
1430 1184 1784 1250 liberorum
1838 1186 2099 1251 nomine
2165 1191 2383 1250 sextae

346 1273 711 1337 retinentur
775 1296 853 1337 ex
933 1275 1108 1357 dote,
1180 1296 1315 1338 non
1386 1275 1601 1357 plures
1676 1279 1894 1339 tamen
1966 1297 2160 1359 quam
2233 1279 2384 1340 tres.

350 1366 569 1427 sextae
624 1362 692 1426 in
748 1363 1107 1428 retentione
1153 1368 1332 1447 sunt,
1377 1385 1511 1429 non
1555 1363 1624 1428 in
1668 1364 1998 1449 petitione.
2091 1364 2171 1429 11.
2224 1364 2386 1448 Dos,

350 1472 513 1534 quae
559 1452 756 1516 semel
800 1452 1025 1517 funeta
1072 1456 1187 1536 est,
1234 1452 1515 1536 amplius
1552 1454 1739 1539 fungi
1774 1475 1908 1517 non
1943 1457 2175 1537 potest,
2212 1453 2339 1518 nisi
2373 1454 2382 1538 Ι

141 1538 564 1604 193boealiud⁶
600 1540 1084 1605 matrimonium
1131 1542 1233 1605 sit.

481 1629 570 1693 12.
617 1629 874 1694 Morum
939 1630 1200 1695 nomine
1245 1630 1621 1716 grauiorum
1686 1631 1942 1715 quidem
2005 1635 2186 1697 sexta
2232 1633 2387 1695 reti·

349 1716 600 1804 netur⁷,
637 1717 956 1784 leuiorum
1003 1723 1219 1785 autem
1266 1725 1514 1784 octaua.
1605 1721 1936 1806 grauiores
1982 1742 2193 1786 mores
2231 1725 2387 1785 sunt

351 1805 777 1873 adulterium⁸
803 1813 1074 1893 tantum,
1111 1808 1388 1873 leuiores
1428 1831 1648 1874 omnes
1685 1809 1935 1894 reliqui.
2026 1810 2114 1874 13.
2161 1810 2385 1873 Mariti

349 1919 561 1963 mores
609 1897 969 1980 puniuntur
1012 1899 1082 1961 in
1119 1920 1193 1962 ea
1239 1898 1500 1983 quidem
1548 1899 1727 1981 dote,
1775 1921 1938 1983 quae
1985 1920 2198 1963 annua
2245 1897 2387 1963 die’

351 1986 531 2050 reddi
578 1985 783 2070 debet,
820 1989 915 2051 ita
950 1985 1081 2051 ut¹⁰
1116 1992 1386 2071 propter
1421 1989 1695 2053 maiores
1732 2009 1944 2053 mores
1980 1993 2384 2071 praesentem

352 2074 568 2139 dotem
631 2076 884 2159 reddat,
947 2081 1214 2160 propter
1276 2078 1556 2141 minores
1615 2099 1841 2141 senum
1904 2099 2197 2142 mensum
2262 2077 2387 2142 die.

351 2165 421 2229 in
456 2187 531 2228 ea
569 2169 801 2248 autem,
840 2187 1001 2249 quae
1038 2187 1342 2249 praesens
1379 2165 1560 2229 reddi
1598 2166 1780 2250 solet,
1808 2171 2063 2230 tantum
2100 2188 2179 2230 ex
2216 2167 2389 2233 frue-

351 2253 526 2318 tibus
573 2254 831 2318 iubetur
874 2255 1165 2337 reddere,
1212 2259 1525 2338 quantum
1564 2255 1629 2318 in
1678 2254 1793 2320 illa
1838 2256 2016 2341 dote,
2062 2277 2225 2339 quae
2272 2257 2388 2320 tri-

352 2343 541 2406 ennio
557 2341 607 2379 ¹¹
642 2341 948 2425 redditur,
993 2346 1494 2427 repraesentatio
1508 2340 1558 2380 ¹²
1593 2345 1766 2409 facit.

498 2522 550 2586 1)
587 2517 879 2572 mulierem
928 2519 988 2573 V.
1179 2522 1232 2580 2)
1269 2535 1564 2572 numerum
1614 2520 1672 2573 V.
1873 2522 1927 2588 3)
1965 2536 1999 2572 a
2036 2519 2128 2573 die
2180 2521 2237 2575 V.

352 2589 407 2658 4)
445 2589 711 2643 reddetur
758 2590 818 2644 V.
966 2593 1017 2659 5)
1056 2589 1436 2643 aut—liberos
1474 2591 1602 2644 add.
1648 2591 1840 2645 Ninos.
2002 2593 2057 2660 6)
2096 2590 2272 2644 alium
2320 2591 2387 2645 V.

355 2663 408 2729 7)
436 2663 597 2714 sexta
620 2661 897 2715 retinetur
912 2661 1190 2716 Οιιίασίαε.
1230 2663 1422 2715 sextae
1440 2662 1758 2716 retinentur
1785 2663 1845 2716 V.
1956 2666 2011 2731 8)
2040 2662 2391 2717 adulterium

352 2733 649 2804 Boeckinq.
698 2732 977 2786 adulterio
1035 2733 1094 2787 V.
1280 2737 1332 2801 9)
1372 2750 1560 2787 annua
1615 2734 1708 2787 die
1767 2734 2031 2789 Ouiacius
2083 2734 2193 2789 obs.
2225 2740 2276 2803 7,
2294 2740 2387 2789 20.

353 2819 389 2857 a
418 2803 510 2857 die
539 2804 600 2858 V.
657 2820 845 2858 annua
871 2804 1027 2858 bima
1061 2804 1232 2858 trima
1261 2805 1354 2858 die
1382 2805 1649 2860 Get-iacias
1685 2807 1749 2859 in
1782 2806 1943 2860 nutis.
2076 2808 2164 2875 10)
2200 2807 2387 2875 suppl.

353 2875 636 2945 Schminy.
748 2878 836 2944 11)
874 2892 1019 2942 quae
1055 2876 1300 2930 triennio
1341 2877 1526 2946 Huqe.
1584 2876 1954 2944 quadriennio
1995 2877 2055 2930 V.
2170 2880 2257 2946 18)
2295 2893 2391 2931 re-

353 2945 736 3016 praesentatio
776 2947 1054 3003 Guiaoius.
1108 2948 1430 3016 repensatio
1480 2949 1541 3002 V.

370 3116 377 3124 ·
497 3093 527 3154 ς
566 3094 616 3143 8.
656 3090 725 3157 ef.
756 3090 831 3144 D.
872 3094 956 3155 23,
987 3095 1037 3155 4,
1071 3094 1135 3142 19
1164 3090 1305 3158 (Alf.
1337 3092 1442 3158 57).
1483 3095 1568 3156 23,
1589 3095 1639 3156 4,
1663 3096 1727 3144 17
1760 3092 1939 3159 (Pmc.
1961 3092 2066 3158 83).
2115 3095 2282 3158 24,.3,
2313 3097 2392 3144 eo

355 3161 532 3229 (Proc.
576 3164 679 3230 14).
720 3166 805 3226 23,
835 3166 884 3226 4,
917 3165 983 3214 18
1021 3163 1152 3230 (Iul.
1192 3163 1335 3230 300).
1383 3166 1470 3227 42,
1499 3167 1551 3229 8,
1582 3168 1665 3228 17,
1697 3168 1728 3216 2
1767 3163 2068 3232 (Iu1.679).
2117 3167 2202 3228 28,
2231 3169 2284 3229 4,
2316 3169 2393 3240 13

355 3232 507 3300 (Gai.
548 3234 686 3299 252).
744 3238 829 3298 23,
861 3237 910 3298 3,
941 3237 1025 3298 78,
1055 3238 1088 3285 4
1127 3233 1358 3302 (Tryph.
1396 3235 1508 3302 41).
1554 3239 1604 3300 2,
1638 3239 1720 3299 14,
1753 3239 1800 3301 7,
1832 3242 1864 3286 5
1902 3234 2056 3303 (Uip.
2096 3237 2237 3304 242).
2297 3239 2392 3302 33,

355 3307 406 3368 4,
437 3308 487 3367 1,
516 3308 546 3355 2
586 3304 937 3372 (Ulp.2597).
969 3308 1061 3368 28,
1091 3309 1141 3369 4,
1172 3309 1238 3357 16
1277 3306 1466 3373 (Paul.
1498 3308 1636 3375 537).
1681 3306 1737 3360 0.
1780 3312 1829 3374 5,
1861 3311 1944 3373 13,
1977 3312 2025 3373 1,
2056 3310 2085 3358 7
2125 3308 2200 3375 (a.
2240 3309 2391 3376 530).

356 3403 423 3413 —
453 3378 485 3438 ς
516 3378 564 3427 9.
603 3377 672 3440 cf.
694 3375 793 3429 Fr.
826 3375 945 3429 ναι.
970 3380 1071 3428 120
1110 3376 1261 3445 (Uzp.
1285 3378 1409 3444 963)
1481 3377 1538 3433 0.
1572 3383 1621 3445 5,
1644 3381 1800 3444 13,1,
1829 3383 1861 3432 5
1883 3379 1955 3446 (a.
1976 3381 2116 3431 530.
2144 3408 2216 3419 --
2245 3384 2276 3444 ς
2298 3384 2391 3432 10.

356 3443 425 3510 cf.
455 3444 556 3497 Fr.
590 3446 709 3499 Vat.
736 3451 835 3500 105
876 3447 1062 3517 (Paul.
1090 3449 1266 3516 1512).
1308 3453 1428 3501 103.
1472 3453 1571 3501 107
1613 3450 1801 3517 (Paul.
1825 3451 2001 3519 1513).
2109 3450 2302 3519 ·..top
2336 3457 2393 3517 4,

359 3519 452 3578 193
491 3519 577 3568 20.
638 3517 827 3570 Boeth.
866 3518 943 3571 ad
979 3524 1089 3585 top.
1119 3524 1170 3584 4,
1202 3523 1267 3571 19
1307 3519 1496 3587 (Paul.
1527 3523 1668 3589 891).
1720 3526 1804 3586 17,
1834 3526 1902 3574 66
1931 3538 1993 3590 p.
2025 3525 2128 3574 378
2167 3522 2392 3577 Baiter.
