2650 3917
383 159 472 235 22
1004 159 1067 225 Q.
1106 159 1377 215 MVOIVS
1416 160 1808 223 SCAEVOLA.

382 343 536 406 esse,
584 321 758 407 quod
803 322 1010 388 multa
1052 323 1130 387 de
1175 323 1300 388 diis
1347 324 1678 410 fingantur
1724 325 2017 412 indigna3
2064 326 2418 392 secundum

378 433 515 476 non
560 433 912 497 congruere
959 412 1354 497 ciuitatibus,
1413 414 1587 498 quod
1644 412 1881 478 habeat
1926 415 2146 500 aliqua
2200 438 2422 500 super-

380 522 613 586 uacua,
678 501 895 585 aliqua
960 502 1184 604 etiam,
1249 524 1414 587 quae
1478 503 1650 570 obsit
1712 503 1973 588 populis
2037 517 2285 571 nosse.'
2340 507 2420 571 de

381 591 797 673 superuacuis
856 612 989 655 non
1052 613 1289 677 magna
1355 613 1545 656 causa
1609 595 1732 676 est3
1798 592 1963 656 solet
2025 594 2198 658 enim
2259 598 2325 659 et
2380 619 2422 660 a

325 703 350 743 ⁵
379 680 539 753 iuris
594 680 821 763 peritis
894 679 1022 744 dici
1082 680 1435 763 ‘superflua
1486 700 1619 744 non
1672 682 1947 747 nocent'.
2040 695 2205 766 quae
2265 688 2423 749 sunt

382 773 599 832 autem
636 767 768 853 illa,
797 790 960 851 quae
997 769 1254 853 prolata
1281 770 1350 832 in
1385 768 1869 834 multitudinem
1913 773 2194 836 nocent?
2240 772 2421 858 haec,

381 858 613 941 inquit,
641 878 776 936 non
803 879 943 922 esse
981 857 1132 923 deos
1160 857 1526 941 Herculem,
1553 857 2030 945 Aesculapium,
2066 860 2422 947 Castorem,

379 945 742 1027 Pollucem3
788 946 1086 1031 proditur
1131 947 1301 1010 enim
1349 969 1387 1010 a
1436 946 1658 1030 doctis,
1706 948 1880 1032 quod
1932 948 2229 1016 homines
2283 952 2422 1016 fue-

379 1036 514 1110 rint
576 1038 643 1100 et
713 1034 997 1100 humana
1068 1035 1450 1108 condicione
1522 1033 1887 1101 defecerint.
1979 1038 2133 1123 quid
2196 1039 2423 1105 aliud?

300 1150 354 1190 ιο
383 1124 560 1207 quod
605 1145 847 1209 eorum,
896 1125 1011 1208 qui
1058 1125 1190 1189 sint
1237 1125 1355 1207 dii,
1398 1146 1531 1189 non
1576 1123 1860 1191 habeant
1914 1128 2209 1193 ciuitates
2266 1152 2424 1195 uera

383 1213 747 1297 simulacra,
814 1214 986 1297 quod
1050 1236 1242 1278 uerus
1309 1213 1464 1278 deus
1527 1236 1645 1279 nec
1710 1237 1935 1282 sexum
1998 1215 2237 1282 habeat
2299 1241 2423 1285 nec

378 1306 654 1370 aetatem
709 1323 829 1366 nec
884 1303 1151 1367 definita
1206 1304 1494 1386 corporis
1558 1305 1849 1370 membra
1896 1356 1909 1369 .
1939 1356 1956 1371 .
1985 1357 1997 1369 .
2030 1358 2043 1370 .
2089 1307 2423 1390 poeticum

378 1412 530 1456 sane
578 1391 843 1455 deorum
892 1413 1095 1477 genus
1135 1414 1248 1457 cur
1298 1390 1610 1458 Scaeuola
1644 1398 1924 1478 respuat,
1964 1395 2205 1460 eisdem
2242 1396 2421 1463 litte-

378 1482 468 1544 ris
515 1502 647 1544 non
693 1484 969 1546 tacetur:
1019 1483 1170 1565 quia
1216 1482 1310 1546 sic
1355 1481 1659 1545 uidelicet
1706 1483 1858 1547 deos
1907 1483 2300 1568 deformant,
2346 1490 2425 1552 ut

300 1595 352 1636 ιε
380 1592 499 1635 nec
545 1568 735 1645 bonis
780 1569 1153 1635 hominibus
1201 1575 1681 1655 comparentur,
1728 1593 1875 1636 cum
1920 1573 2122 1637 alium
2169 1574 2424 1640 faciunt

379 1658 602 1742 furari,
648 1659 847 1723 alium
897 1660 1273 1744 adulterare,
1302 1661 1397 1724 sic
1423 1660 1579 1724 item
1608 1660 1859 1744 aliquid
1903 1661 2093 1726 aliter
2137 1665 2424 1747 turpiter

377 1751 572 1832 atque
618 1749 838 1832 inepte
885 1748 1097 1814 dicere
1143 1770 1217 1813 ac
1271 1750 1509 1817 facore:
1564 1753 1696 1814 tres
1752 1751 1921 1815 inter
1967 1773 2046 1818 se¹
2090 1751 2240 1816 deas
2288 1775 2423 1819 cer-

375 1842 547 1901 tasse
594 1837 672 1902 de
718 1838 1007 1922 praemio
1054 1837 1578 1922 pulchritudiniS,
1621 1839 1829 1904 uictas
1878 1840 2035 1906 duas
2083 1864 2122 1906 a
2163 1840 2422 1910 Venere

376 1925 639 2002 Troiam
686 1927 1025 2012 euertisse3
1072 1926 1295 1992 Iouem
1335 1927 1548 2011 ipsum
1586 1928 1876 1993 conuerti
1912 1930 1981 1993 in
2036 1933 2267 1995 bouem
2306 1938 2424 1997 aut

298 2042 350 2082 ²⁰
378 2020 999 2189 ἓξὲῌέὲῶἷῃᾞ
1015 2017 1264 2170 1ῗὲθῖἓὲ
1303 2016 2424 2195 Sssssssssssssss‘ffiifffiaffenffzffffiwssss.

374 2194 663 2279 confingi
724 2194 1183 2260 miraculorum
1249 2198 1446 2278 atque
1507 2194 1849 2279 uitiorum,
1915 2197 2091 2280 quod
2144 2220 2296 2264 non‘
2328 2200 2424 2265 ibi

372 2284 733 2368 reperiatur
797 2289 989 2368 atque
1054 2285 1136 2349 ab
1202 2284 1470 2348 deorum
1534 2288 1767 2352 natura
1829 2287 2023 2372 longe
2088 2288 2276 2353 absit.
2336 2327 2418 2342 —-

373 2373 709 2455 Auyustin.
756 2374 833 2438 de
876 2374 1038 2439 civit.
1085 2374 1187 2439 dei
1230 2373 1292 2456 4,
1331 2372 1436 2437 27.

300 2487 350 2527 25
515 2461 602 2527 21.
651 2460 722 2538 Q.
759 2462 1019 2546 quidem
1060 2461 1372 2527 Scaeuola
1406 2462 1701 2546 pontifex
1737 2464 2057 2528 maximus
2096 2485 2423 2532 summam

372 2552 509 2614 uim
571 2550 827 2616 dicebat
882 2572 1020 2617 esse
1066 2553 1134 2615 in
1191 2551 1491 2616 omnibus
1538 2551 1618 2616 iis
1684 2552 1987 2635 arbitriis,
2052 2554 2122 2617 in
2181 2556 2422 2638 quibus

382 2639 726 2704 adderetur
770 2658 865 2703 Ex
892 2658 1059 2704 FIDE
1089 2658 1295 2725 BONA,
1341 2640 1620 2724 fideique
1665 2641 1870 2705 bonae
1916 2651 2156 2728 nomen
2200 2639 2425 2711 existi-

381 2729 602 2792 mabat
648 2751 908 2793 manare
952 2729 1267 2794 latissime
1305 2729 1500 2814 idque
1541 2731 1786 2796 uersari
1821 2729 1891 2794 in
1935 2731 2179 2817 tutelis,
2225 2734 2424 2826 socie·

382 2817 647 2900 tatibus,
693 2818 965 2902 fiduciis,
1012 2818 1349 2900 mandatis,
1396 2819 1588 2883 rebus
1636 2821 1873 2904 emptis
1918 2821 2224 2907 uenditiS,
2273 2845 2424 2889 con-

300 2932 353 2972 so
382 2906 592 2971 ductis
639 2907 889 2990 locatis,
951 2908 1186 2992 quibus
1241 2907 1416 2973 uitae
1470 2909 1743 2973 societas
1801 2910 2256 2976 contineretur.
2352 2916 2423 2979 in

376 2995 456 3060 iis
521 2997 742 3082 magni
806 3019 943 3062 esse
1016 2997 1246 3061 iudicis
1320 3000 1630 3081 statuere,
1690 2999 2071 3081 praesertim
2135 3022 2286 3066 cum
2353 3010 2424 3070 in

370 3084 697 3170 plerisque
749 3090 963 3151 essent
1000 3086 1239 3150 iudicia
1276 3087 1621 3169 contraria,
1647 3087 1804 3170 quid
1832 3109 2153 3173 quemque
2181 3093 2424 3177 cuique

370 3177 697 3258 praestare
746 3179 1093 3260 oporteret.
1145 3213 1228 3221 —-
1284 3174 1409 3241 Cic.
1458 3177 1533 3241 de
1578 3177 1736 3259 offic.
1778 3179 1838 3254 3,
1881 3177 1983 3261 17,
2025 3177 2126 3242 70.
2188 3175 2221 3195 ’“
2336 3174 2375 3253 „2ss
