2650 3917
572 172 674 228 AD
713 172 949 261 GAIVM
984 172 1338 228 PRAEFAT.
1377 172 1725 228 HVSCHKII
1759 172 1875 227 ED.
1913 174 1953 227 Ι.
2160 172 2284 237 123

380 342 729 411 Postremo⁸
768 343 1014 400 maximi
1084 344 1374 400 momenti
1446 345 1563 417 est,
1636 343 1796 418 quod
1869 341 2052 402 Gaius
2123 342 2287 418 ipsos

246 431 434 492 libros
482 450 622 490 suos
669 450 740 489 ex
794 435 967 507 parte
1023 431 1239 490 saltem
1295 434 1502 508 aperte
1556 432 1795 491 scholae
1848 434 2051 509 potius
2107 452 2289 508 quam

246 523 379 581 foro
425 521 754 581 destinavit
807 521 1219 596 maximusque
1274 520 1460 580 studii
1512 521 1831 581 theoretici
1885 521 2176 581 excitator
2230 524 2290 579 et

245 612 559 687 promotor
605 611 862 670 exstitit:
910 629 1030 687 qua
1074 612 1140 667 in
1185 630 1249 670 re
1295 612 1353 669 ei
1400 613 1460 670 et
1506 610 1882 670 Athenaeum
1928 609 2289 670 Graecarum

247 699 707 778 disciplinarum
770 699 845 758 ab
909 698 1218 759 Hadriano
1276 699 1503 759 Romae
1565 701 1915 759 institutum
1980 703 2041 759 et
2106 700 2288 758 edicti

249 791 742 866 compositionem
812 787 886 847 ab
949 788 1183 847 Iuliano
1250 789 1589 849 absolutam
1651 790 2040 848 incitamento
2104 790 2288 847 fuisse

247 898 544 955 perquam
590 877 871 937 credibile
917 880 1023 936 est.
1116 875 1375 937 Omnino
1421 881 1579 938 enim
1626 879 1748 937 iuri
1804 879 1988 953 civili,
2042 878 2154 937 hoc
2199 880 2291 937 est

248 969 370 1027 fere
419 969 682 1045 private,
728 966 887 1043 quod
934 967 1129 1026 solum
1173 970 1306 1026 tum
1353 970 1419 1026 in
1464 967 1681 1028 scholis
1742 966 2144 1040 tractabatur,
2198 970 2291 1026 to·
2337 1020 2351 1028 .

247 1059 378 1116 tum
424 1075 488 1116 se
538 1057 686 1116 dans
730 1055 1005 1132 inprimis
1042 1055 1228 1114 libros
1266 1051 1367 1115 ‘ad
1411 1057 1673 1116 edictum
1717 1051 2010 1116 urbicum’
2050 1056 2290 1133 potissi·

248 1167 416 1206 mum
473 1147 539 1205 in
595 1146 933 1205 scholarum
987 1164 1160 1204 usum
1217 1147 1524 1222 scripsisse
1579 1146 1833 1205 videtur.
1927 1144 2075 1204 Cum
2133 1147 2292 1205 enim

251 1235 555 1296 Ciceronis
594 1238 793 1295 aetate
821 1226 923 1317 (de
951 1236 1108 1314 legg.
1142 1239 1198 1309 1,
1230 1237 1287 1310 5,
1322 1229 1434 1318 17)
1473 1239 1728 1295 maxime
1767 1255 1837 1293 ex
1882 1234 2075 1294 edicto
2120 1254 2290 1310 prae-

248 1328 398 1386 toris
444 1327 541 1385 ius
589 1325 763 1385 civile
811 1325 961 1383 disci
1007 1328 1284 1400 coeptum
1332 1328 1504 1399 esset,
1549 1325 1647 1384 hic
1693 1343 1822 1384 mos
1869 1324 1976 1383 sub
2037 1324 2290 1400 impera-

248 1415 481 1475 toribus
529 1434 649 1474 non
692 1415 869 1473 modo
915 1416 1181 1473 retentus
1197 1459 1211 1488 ,
1278 1415 1385 1474 sed
1440 1415 1626 1474 etiam
1689 1413 1957 1473 excultus
2022 1417 2128 1473 est.
2218 1413 2289 1471 In

251 1503 366 1564 Gai
420 1524 565 1564 vero
622 1504 791 1563 libris
846 1505 1108 1580 primum
1168 1505 1281 1564 hoc
1347 1505 1649 1582 singulare
1706 1522 1775 1561 ac
1830 1522 2055 1563 novum
2109 1503 2291 1562 fuisse

250 1595 508 1668 videtur,
567 1593 725 1668 quod
773 1589 873 1651 ‘ad
935 1593 1192 1652 edictum
1253 1588 1546 1651 urbicum'
1597 1592 1862 1669 scripsit,
1925 1611 2101 1669 quem
2146 1594 2291 1650 titu-

247 1684 372 1743 lum
420 1682 764 1761 generalem
808 1680 1055 1758 praebet
1098 1682 1274 1741 index
1322 1682 1478 1741 Flor.
1525 1674 1658 1763 (‘ad
1713 1681 1974 1741 edictum
2021 1681 2294 1740 urbicum

248 1770 317 1831 τὰ
346 1770 503 1850 μόνα
530 1768 849 1853 εὑρεθέντα
876 1770 1077 1849 βιβλία
1107 1763 1320 1852 δέκῶ),
1369 1772 1707 1847 complexus
1752 1790 1822 1829 ea
1869 1771 2292 1847 appellatione,

252 1881 403 1937 quae
451 1863 591 1937 post
647 1859 905 1920 deletam
951 1862 1013 1918 et
1056 1860 1121 1917 in
1177 1860 1442 1919 officium
1496 1863 1924 1919 commutatam
1977 1859 2292 1936 magistra·

249 1954 426 2010 tuum
490 1951 852 2025 potestatem
913 1950 1276 2007 naturaliter
1330 1970 1449 2010 non
1511 1949 1586 2008 ad
1651 1968 1854 2008 eorum
1900 1949 2019 2022 iuS,
2067 1947 2170 2007 sed
2217 1948 2294 2006 ad

249 2040 449 2099 locum
496 2041 795 2115 spectaret
829 2041 1038 2114 itaque
1079 2033 1298 2098 ‘edicto
1345 2033 1724 2115 provinciali’
1765 2037 2168 2113 responderet,
2206 2057 2294 2110 ea,

252 2148 403 2205 quae
461 2127 665 2188 Cicero
722 2127 798 2186 ad
843 2127 1029 2186 Attic.
1072 2128 1129 2202 6,
1162 2132 1194 2187 1
1249 2126 1288 2202 ξ
1331 2129 1411 2187 1·5
1480 2128 1748 2203 appellat
1811 2127 2005 2186 edicta
2060 2126 2296 2185 urbana

248 2219 288 2278 i.
317 2238 367 2277 e.
402 2217 698 2294 praetoris
735 2217 952 2275 urbani
987 2210 1155 2298 (cum
1192 2209 1499 2297 aedilicio)
1538 2220 1599 2275 et
1634 2209 1988 2295 peregrini.1
2059 2215 2294 2275 Deinde

249 2327 391 2367 vero
441 2306 766 2382 dupliciter
803 2309 930 2365 eius
970 2305 1165 2382 operis
1211 2309 1415 2383 partes
1462 2305 1805 2366 distinxisse
1845 2309 1906 2364 et
1951 2324 2296 2366 numerasse

248 2395 748 2474 deprehenditur3
794 2397 1036 2471 praeter
1082 2396 1421 2473 generalem
1469 2397 1624 2454 enim
1673 2395 1845 2454 illum
1894 2395 2138 2454 titulum
2154 2440 2169 2469 ,
2226 2415 2296 2453 ex

249 2505 368 2562 quo
415 2503 623 2545 omnes
666 2485 809 2544 libri
855 2487 1153 2544 crescente
1196 2504 1445 2544 numero
1491 2485 2014 2563 significabantur,
2062 2487 2295 2560 quoties

246 2576 594 2652 specialiter
648 2574 793 2650 quid
850 2594 919 2633 ex
964 2574 1040 2634 iis
1093 2575 1376 2650 refertur,
1432 2575 1649 2634 omisso
1703 2575 2054 2650 plerumque
2109 2574 2295 2632 totius

246 2667 446 2741 operis
494 2664 674 2724 titulo
722 2667 782 2723 et
825 2663 979 2723 libro
993 2656 1032 2739 ²,
1080 2663 1305 2742 singuli
1348 2664 1518 2739 tituli
1562 2664 1867 2722 interdum
1913 2663 2146 2722 adiecto
2197 2658 2297 2721 ‘ad

246 2754 512 2827 edictum
557 2755 854 2830 praetoris
898 2747 1138 2812 urbani'
1186 2756 1246 2811 et
1290 2755 1356 2811 in
1402 2753 1493 2811 his
1542 2753 1790 2829 quidam
1837 2755 1901 2812 in
1959 2752 2294 2828 complures

244 2844 434 2903 libros
472 2843 654 2902 divisi
699 2834 1299 2917 commemorantur33
1346 2842 1503 2902 unde
1551 2846 1804 2918 apparet
1841 2840 2061 2902 Gaium
2096 2842 2295 2919 singu·

395 3068 447 3134 1)
489 3064 599 3131 Qui
634 3068 835 3135 postea
874 3066 972 3120 ‘ad
1011 3066 1281 3120 edictum'
1322 3068 1546 3120 tantum
1584 3066 1946 3135 scripserunt,
1983 3069 2105 3121 tam
2141 3064 2296 3118 urbi-

246 3154 378 3191 cum
407 3152 583 3219 quam
617 3137 967 3206 provinciale
1004 3136 1282 3207 complexi
1312 3153 1435 3193 esse
1462 3137 1707 3219 putandi
1734 3140 1881 3192 sunt.
2028 3139 2082 3207 2)
2121 3135 2293 3190 Pleri-

248 3225 359 3278 que
374 3224 551 3292 flnmi
590 3208 904 3278 singulares
946 3211 1170 3291 tantum
1215 3208 1392 3293 libros
1440 3208 1549 3263 s1bi
1597 3209 2003 3293 comparabant
2050 3211 2108 3264 et
2147 3213 2296 3262 certe

245 3280 924 3420 {ffiffiuzfffiffl
954 3283 1041 3405 ῗῗέ
1043 3279 2299 3434 ¹²5032¹1¹1¹22¹⁰310{ss‘ssmflssssssififfitssffluffeffissi

244 3427 534 3494 gerentur.
755 3425 808 3492 3)
844 3423 908 3476 In
962 3423 1428 3493 inscrlptionibus
1482 3426 1841 3493 reponuntur
1889 3423 2011 3477 ‘lib.
2049 3424 2091 3491 Ι,
2128 3422 2180 3476 H
2226 3423 2296 3476 de

244 3494 609 3550 wetamentis
676 3493 751 3548 ad
807 3495 1057 3549 edictum
1120 3496 1396 3564 praetoris
1461 3495 1686 3549 urbani’
1747 3494 1855 3564 (vel
1901 3511 1972 3548 ne
2012 3494 2297 3565 legontius

248 3566 576 3636 ‘praetoris’
621 3564 709 3618 vel
749 3566 847 3619 ‘ad
885 3566 1136 3621 edictum
1173 3564 1508 3636 urbicum’);
1550 3566 1673 3621 ‘lib.
1701 3567 1743 3632 Ι,
1772 3566 1839 3636 H,
1867 3567 1945 3620 ΙΠ
2020 3583 2050 3620 e
2087 3566 2296 3636 legatis
