2650 3917
382 131 508 197 136
709 131 810 186 AD
850 130 1087 185 GAIVM
1121 129 1477 185 PRAEFAT.
1515 130 1861 186 HVSCHKH
1896 131 2010 186 ΕΙ).
2046 130 2088 185 1.

374 300 528 360 sicut
573 300 1040 377 Responsorum,
1095 298 1536 370 Quaestionum·
1586 300 1841 377 aliisque
1903 302 2099 360 minus
2160 320 2232 359 ex
2279 305 2414 362 arte

374 398 814 468 συστηματικῶς
860 389 1097 465 scripin's
1144 381 1246 459 (cf.
1292 389 1388 448 Fr.
1435 389 1573 448 Vat.
1624 382 1812 471 227),
1856 389 1945 448 ita
1998 391 2183 449 etiam
2227 390 2413 450 Insti-

372 481 675 539 tutionum
720 479 891 538 libris
941 480 1197 539 inserere
1242 478 1477 537 librarii
1536 482 1771 538 mature
1826 475 2164 555 coeperint²
2219 479 2414 559 (quod

374 568 447 627 de
493 568 743 645 Ulpiani
789 572 849 628 et
892 567 1094 626 Paulli
1138 567 1627 627 Institutionibus
1672 587 1742 627 ex
1788 569 1984 628 collat.
2031 568 2126 626 tit.
2155 568 2301 627 XIV
2349 573 2413 628 et

372 658 626 717 Boethio
672 659 737 717 in
784 655 902 717 Cic.
952 657 1097 733 Top.
1144 678 1201 733 p.
1244 658 1370 717 303
1419 649 1710 737 constat),
1764 658 1967 717 tamen
2025 676 2172 732 quas
2219 657 2409 717 Vero·

371 747 570 807 nensis
624 747 805 807 codex
868 747 1152 823 praestat,
1216 747 1438 823 partim
1501 745 1911 822 ineptissimae
1957 749 2110 805 sunt.
2205 745 2410 814 Quid?

372 836 531 912 quod
578 835 724 896 adeo
771 835 896 895 eius
942 832 1265 912 scriptor*)
1315 836 1501 911 stipes
1546 835 1682 909 fuit,
1727 837 1799 893 ut
1842 853 1962 894 non
2007 835 2184 895 modo
2224 833 2408 896 Grae·

371 943 475 984 cae
519 926 896 985 litteraturae
950 926 1183 984 nescius
1230 922 1458 983 Graeca
1513 926 1714 983 omnia
1758 924 1854 982 vel
1909 926 2265 1027 praeteriret
2310 925 2408 984 vel

370 1015 592 1075 litteris
636 1013 871 1073 Latinis
916 1013 1170 1073 reddens
1217 1015 1637 1090 corrumperet,
1682 1013 1787 1072 sed
1833 1015 2016 1073 etiam
2060 1016 2124 1072 in
2168 1013 2408 1075 Latinis

369 1123 558 1180 quum
603 1104 681 1163 ad
723 1103 1024 1163 rubricam
1068 1104 1330 1162 venisset
1374 1102 1468 1162 vel
1515 1105 1744 1163 venisse
1806 1102 1923 1162 sibi
1965 1102 2269 1162 videretur
2317 1095 2411 1184 (et

369 1193 546 1253 facile
592 1193 708 1254 sibi
752 1212 823 1252 ex
876 1194 1125 1271 pigritia
1170 1183 1543 1272 videbatur),
1587 1191 1825 1265 iudicii,
1870 1191 1975 1249 ubi
2019 1191 2260 1251 rubrica
2306 1193 2408 1252 de-

371 1283 590 1342 sineret
636 1285 698 1340 et
739 1299 899 1342 nova
945 1282 1139 1342 oratio
1194 1282 1511 1356 inciperet,
1575 1299 1811 1357 expers,
1873 1280 2036 1339 haud
2080 1299 2217 1340 raro
2266 1299 2404 1340 cum

370 1371 611 1432 rubrica
649 1363 730 1452 (si
774 1370 950 1430 modo
986 1370 1226 1430 rubrica
1262 1361 1420 1450 erat)
1460 1369 1643 1429 etiam
1679 1373 1932 1447 partem,
1968 1374 2040 1430 ut
2072 1370 2407 1445 plurimum

369 1462 672 1539 integrum
717 1479 971 1534 versum,
1016 1460 1152 1519 novi
1204 1459 1449 1519 articuli
1492 1461 1798 1519 omitteret
1845 1458 2008 1539 (vide
2059 1462 2115 1533 1,
2148 1460 2260 1536 563
2293 1461 2408 1537 583

372 1551 482 1626 653
534 1553 641 1625 763
693 1552 804 1622 973
855 1550 998 1609 108.
1049 1551 1106 1624 2,
1139 1552 1203 1622 13
1256 1550 1356 1608 97.
1406 1550 1464 1622 3,
1500 1548 1611 1622 853
1661 1549 1772 1624 883
1822 1550 1977 1624 1393
2028 1551 2172 1608 162.
2223 1549 2283 1622 4,
2317 1541 2404 1629 1).

368 1640 494 1698 Nec
540 1639 716 1698 facile
772 1639 889 1698 nisi
949 1638 1204 1698 barbara
1261 1639 1460 1697 aetate
1523 1655 1643 1695 non
1708 1637 2103 1697 animadverti
2166 1640 2409 1713 poterat

511 1880 563 1947 1)
600 1879 664 1932 In
701 1896 863 1933 usum
901 1878 1218 1933 scholarum
1255 1878 1610 1948 primumque
1638 1878 1699 1931 in
1729 1878 1922 1933 Sabini
1951 1878 2113 1934 libris
2143 1880 2215 1933 ad
2245 1879 2406 1933 simi-

364 1949 664 2004 litudinem
720 1949 919 2018 edicti,
974 1949 1074 2003 ubi
1128 1950 1200 2005 ab
1249 1949 1374 2019 ipso
1428 1952 1683 2019 praetore
1737 1949 1911 2019 positi
1963 1950 2121 2005 tituli
2175 1952 2407 2021 proprie

363 2020 818 2161 ἓρξ611111ἲέ11111,
838 2021 991 2157 dhog2
1015 2021 1258 2147 facitme
1287 2019 1735 2160 Ἑο6126οὲ11ξ3ἳ116
1765 2020 1948 2146 liegii„
1939 2039 2007 2075 ex
2045 2021 2191 2148 Piae.
2233 2027 2304 2149 {b
2314 2028 2404 2078 90.

410 2109 570 2147 eron
757 2110 908 2146 une
993 2110 1142 2146 mn1
1909 2093 2049 2147 lise
2207 2110 2243 2147 a
2307 2112 2407 2148 um

366 2182 432 2218 ac
468 2165 719 2220 rubricas
757 2163 1034 2235 (intellige
1060 2163 1315 2219 ICtorum
1343 2163 1537 2232 libros)
1565 2162 2027 2218 transtulerunt’·
2013 2181 2405 2233 3quamquam

364 2235 523 2291 tituli
560 2235 701 2290 illi
684 2255 745 2290 111
782 2235 988 2289 libris
1027 2235 1100 2289 ad
1137 2235 1388 2290 edictum
1427 2235 1600 2289 etiam
1634 2235 1892 2289 rubricae
1929 2252 2049 2290 esse
2094 2240 2407 2306 coeperunt

366 2308 445 2379 (L
487 2314 517 2361 2
557 2315 587 2374 ξ,
627 2314 658 2363 3
696 2306 763 2362 D.
802 2307 855 2362 d.
885 2306 1087 2362 interd.
1128 2312 1215 2374 48,
1246 2309 1298 2376 1)
1337 2309 1396 2360 et
1430 2307 1544 2360 iam
1581 2306 1917 2376 Vespasiani
1954 2309 2142 2361 aetate
2179 2308 2242 2361 in
2278 2308 2404 2363 11116

366 2379 536 2447 civili,
590 2383 657 2433 ut
708 2380 929 2433 constat
974 2396 1043 2433 ex
1097 2377 1322 2433 aeribus
1380 2376 1725 2447 Salpensano
1771 2380 1829 2432 et
1865 2378 2228 2446 Malacitano,
2273 2379 2415 2449 ipsa·

361 2467 583 2520 quoque
621 2450 811 2521 legum
849 2450 969 2520 (sed
1005 2452 1195 2503 tamen
1231 2448 1636 2533 principalium
1685 2451 1927 2519 tantum)
1966 2450 2159 2519 capita
2204 2468 2404 2521 quam-

362 2538 533 2591 quam
572 2538 682 2575 non
719 2521 888 2576 rubro
926 2521 1110 2575 colore
1148 2521 1264 2574 aeri
1309 2520 1585 2590 inscripta
1620 2520 1874 2576 rubricae
1921 2520 2213 2590 appellata
2250 2524 2403 2589 sunt,

362 2594 606 2661 indeque
659 2592 905 2647 Iuvenal.
947 2597 1163 2660 14,101
1225 2592 1444 2647 ‘rubras
1500 2591 1775 2646 maiorum
1821 2591 1999 2662 leges’
2060 2592 2405 2663 generaliter

363 2665 549 2720 dicere
585 2664 789 2733 potuit.
864 2664 1075 2719 Verum
1109 2667 1177 2718 ut
1212 2664 1272 2716 in
1309 2663 1594 2746 plerisque
1631 2663 1719 2717 ius
1757 2663 1921 2717 civile
1957 2665 2077 2717 iure
2115 2665 2403 2734 praetorio

360 2735 661 2806 paullatim
696 2738 1023 2818 superatum
1061 2737 1174 2803 est,
1228 2735 1313 2789 ita
1360 2734 1532 2789 etiam
1567 2735 1629 2788 in
1673 2735 1780 2789 hac
1817 2736 1977 2790 tenui
2012 2751 2098 2801 re,
2154 2736 2402 2790 maxime

360 2810 501 2890 puto
538 2810 838 2876 postquam
876 2807 937 2861 in
966 2805 1309 2877 Gregoriano
1339 2809 1396 2860 et
1422 2802 1872 2875 Hermogeniano
1904 2778 2203 2860 Codicibus
2240 2806 2403 2862 tituli

361 2879 433 2933 ab
472 2878 611 2948 ipsis
648 2878 969 2933 auctoribus
1008 2878 1081 2932 ad
1118 2877 1348 2932 modum
1377 2877 1549 2932 edicti
1582 2877 1819 2947 singulis
1847 2878 2099 2932 materiis
2137 2878 2403 2948 inscripti
2470 2929 2481 2940 ,

363 2954 575 3016 essent,
624 2949 775 3004 idem
813 2949 1079 3019 contigit,
1125 2949 1467 3016 tandemque
1503 2948 1715 3002 Alarici
1762 2951 1822 3003 et
1854 2949 2157 3004 Iustiniani
2193 2953 2404 3013 aetate,

360 3023 459 3091 qui
498 2993 671 3076 etiam
708 3021 884 3075 totius
921 3021 1060 3075 iuris
1099 3020 1279 3075 civilis
1317 3019 1600 3074 enucleati
1638 3020 1889 3075 codicem
1924 3021 2289 3091 Digestorum
2326 3023 2403 3076 ad

362 3094 613 3148 edictum
651 3096 943 3163 spectante
980 3091 1205 3146 nomine
1244 3091 1571 3162 appellavit,
1608 3107 1673 3146 eo
1709 3095 2042 3161 perventum
2074 3096 2178 3161 est,
2217 3096 2284 3147 ut
2312 3092 2404 3147 vel

360 3164 733 3220 scholasticae
777 3163 1169 3219 Institutiones
1227 3163 1298 3216 ab
1355 3163 1479 3233 ipso
1535 3165 1760 3218 auctore
1814 3180 1917 3233 per
1969 3167 2155 3218 totum
2210 3163 2403 3219 titulis

360 3236 864 3303 distribuerentur,
921 3251 1097 3302 eaque
1143 3234 1433 3289 honestior
1468 3234 1780 3303 appellatio
1825 3238 2025 3304 postea
2066 3234 2225 3304 (licet
2260 3252 2404 3290 non-

360 3310 497 3363 dum
533 3308 594 3362 in
630 3307 955 3361 Florentino
983 3305 1112 3376 Dig.
1144 3306 1357 3375 codice)
1394 3306 1751 3361 librariorum
1783 3307 2035 3361 rubricas
2074 3307 2403 3376 expelleret.

503 3379 550 3449 ¹⁸¹)
588 3378 902 3445 Utrumque
956 3395 1106 3432 nunc
1161 3377 1488 3447 scriptorem
1536 3377 1677 3431 dic0.
1753 3394 1885 3432 nam
1941 3378 2081 3432 duos
2137 3378 2404 3433 librarios

356 3454 582 3521 praeter
619 3455 987 3505 correctorem
1025 3448 1085 3502 in
1120 3449 1228 3503 hoc
1266 3449 1458 3504 codice
1495 3452 1799 3519 occupatos
1843 3450 2018 3504 fuisse
2057 3449 2403 3505 Studemun-

358 3524 462 3578 dus
506 3521 893 3592 deprehendit.
