2650 3917
661 938 844 1005 SEX.
894 937 1355 1009 CAECILIVS
1401 937 1854 1005 AFRICANV
1859 938 1902 1004 S

534 1044 662 1114 (sub
699 1043 992 1105 Hadriano
1030 1045 1088 1098 et
1125 1043 1492 1110 sequentibus
1530 1043 2008 1113 imperatoribus).
2058 1096 2062 1100 ,

355 1152 552 1206 .·Num
589 1150 712 1207 Sex.
750 1150 1028 1206 Caecilius
1066 1149 1205 1204 iuris
1243 1149 1533 1204 consultus
1578 1151 1654 1216 is,
1702 1167 1871 1219 quem
1909 1149 2122 1205 Gellius
2170 1168 2298 1205 cum

247 1224 533 1287 Favorino
570 1221 908 1292 philosopho
938 1222 1010 1277 de
1046 1220 1271 1292 legibus
1299 1220 1405 1275 XII
1439 1222 1766 1276 tabularum
1799 1223 2183 1291 disputantem
2212 1222 2298 1276 in-

250 1296 431 1362 ducit,
470 1295 624 1349 idem
663 1294 739 1349 sit
776 1296 947 1363 atque
987 1293 1108 1361 Sex.
1150 1291 1431 1347 Caecilius
1466 1293 1767 1348 Africanus
1805 1294 1930 1361 ille,
1969 1295 2067 1363 qui
2103 1295 2164 1349 in
2200 1294 2296 1347 Di-

246 1367 429 1440 gestis
469 1382 640 1436 saepe
678 1366 1162 1432 commemoratur,
1201 1365 1335 1418 sunt
1361 1364 1460 1433 qui
1491 1365 1777 1433 dubitent3
1820 1365 1994 1419 multo
2029 1365 2297 1420 incertius

247 1443 354 1505 est,
410 1455 549 1492 num
587 1435 802 1492 Gellius
850 1438 950 1491 aut
1003 1435 1151 1489 libro
1197 1435 1315 1489 ullo
1365 1436 1619 1490 Africani
1673 1454 1824 1490 ususv
1847 1437 1924 1490 sit
1961 1440 2060 1491 aut
2098 1454 2165 1491 ex
2202 1453 2297 1491 ore

248 1512 374 1567 eius
431 1510 584 1563 hunc
644 1523 957 1563 sermonem
1021 1506 1341 1576 elegantem
1400 1508 1643 1578 propriis
1703 1508 1934 1562 auribus
2001 1508 2296 1564 audiverit.

249 1599 383 1639 vero
440 1584 529 1636 est
571 1580 812 1634 similius
859 1597 988 1633 eum
1032 1580 1215 1633 totam
1263 1579 1708 1648 disputationem
1746 1580 1795 1634 si
1831 1580 2016 1634 minus
2053 1581 2298 1646 finxisse,

248 1658 314 1709 at
364 1655 557 1708 tamen
595 1668 663 1706 ex
697 1650 870 1707 variis
918 1649 1081 1704 libris
1117 1652 1371 1705 veterum
1407 1652 1750 1721 excerpsisse
1796 1655 1854 1706 et
1900 1652 2295 1720 composuisse.

250 1724 525 1794 quoniam
572 1725 763 1778 autem
814 1738 906 1788 ea,
954 1736 1099 1790 quae
1135 1720 1196 1774 in
1242 1721 1350 1776 hoc
1397 1722 1584 1791 capite
1631 1722 1887 1778 Gelliano
1935 1723 2297 1778 celeberrimo

251 1797 549 1867 leguntur,
587 1811 655 1849 ex
690 1794 854 1849 bonis
893 1792 1146 1847 fontibus
1184 1792 1391 1847 hausta
1428 1793 1670 1848 multum
1707 1794 1972 1849 adferunt
2009 1795 2084 1848 ad
2120 1794 2297 1849 histo-

249 1869 399 1922 riam
435 1867 576 1921 iuris
614 1864 1046 1931 inlustrandam,
1085 1865 1335 1919 maxima
1370 1880 1439 1919 ex
1465 1868 1627 1934 parte
1648 1867 1730 1919 -ad
1758 1865 1897 1920 iuris
1936 1867 2296 1936 prudentiam

253 1939 561 2010 pertinent,
600 1937 846 2006 denique
883 1935 1058 2007 digna
1096 1939 1243 2003 sunt,
1282 1953 1428 2005 quae
1463 1952 1498 1990 a
1534 1937 1672 1991 iuris
1711 1937 1979 1992 studiosis
2016 1937 2297 2008 legantur,

253 2012 458 2066 horum
493 2009 555 2064 in
591 2026 756 2063 usum
793 2011 964 2075 atque
1002 2008 1463 2062 commoditatem
1499 2008 1753 2079 syllegae
1790 2008 2191 2063 Huschkianae
2231 2025 2298 2064 ea

252 2083 499 2137 inserere
539 2098 569 2136 e
606 2096 667 2135 re
706 2095 827 2135 esse
865 2077 1030 2131 nobis
1068 2077 1252 2131 visum
1289 2081 1390 2133 est.

396 2153 462 2207 In
500 2150 875 2223 significanda
910 2149 1156 2203 lectione
1193 2150 1449 2204 codicum
1478 2149 1649 2206 Gellii
1677 2152 1766 2205 usi
1806 2168 1996 2205 sumus
2035 2166 2297 2221 compen-

249 2225 364 2279 diis
401 2225 492 2278 his
530 2243 565 2277 a
601 2222 847 2277 Mai-tino
884 2220 1054 2275 Hertz
1092 2219 1367 2275 inductis:

546 2296 596 2355 X
632 2321 699 2342 =
731 2292 909 2349 codex
943 2291 1253 2349 Vossianus
1292 2293 1414 2347 Lat.
1454 2294 1497 2347 F
1521 2300 1638 2349 ‚112
1678 2311 1821 2350 saec.
1863 2294 1929 2350 X.

479 2412 486 2433 ,
549 2366 594 2421 O
636 2393 703 2413 =
735 2364 911 2419 codex
947 2362 1283 2433 Reginensis
1323 2370 1426 2418 597
1466 2381 1609 2420 saec.
1648 2366 1714 2420 X.

479 2440 484 2445 ’
545 2442 609 2494 Π
633 2464 701 2485 =
732 2436 907 2491 codex
943 2433 1278 2503 Reginensis
1320 2441 1457 2490 1646
1498 2454 1639 2491 saec.
1679 2437 1795 2491 XII.

547 2510 600 2563 N
632 2536 700 2556 .--.·
732 2508 907 2562 codex
942 2504 1502 2575 Magliabecchianus
1544 2514 1645 2562 329
1685 2525 1827 2563 saec.
1859 2508 1978 2562 XV.

547 2582 594 2647 Q
634 2607 703 2627 =
734 2579 911 2634 codex
946 2576 1285 2632 Parisiensis
1323 2584 1465 2633 8664
1503 2596 1648 2635 saec.
1686 2580 1831 2635 xm.

546 2654 586 2707 Ζ
634 2679 703 2699 ==
734 2650 910 2705 codex
945 2648 1256 2704 Vossianus
1293 2649 1415 2705 Lat.
1456 2650 1499 2703 Ε
1540 2657 1568 2705 7
1609 2668 1754 2707 saec.
1792 2651 1936 2706 XIV.

253 2945 587 3015 Disputatio
605 2945 625 2977 ¹
654 2943 776 2999 Sex.
808 2943 1042 3002 Caecilii
1079 2945 1447 3001 iureconsulti
1475 2946 1534 2999 et
1569 2944 1835 2999 Fauorini
1870 2943 2197 3013 philosophi
2231 2945 2301 2999 de

821 3016 1043 3087 legibus
1082 3018 1381 3074 duodecim
1416 3015 1754 3071 tabularum.
1836 3036 1839 3039 ·

395 3123 497 3213 (1)
546 3124 784 3192 Sextus
832 3125 1146 3193 Caecilius
1194 3129 1264 3192 in
1318 3126 1663 3210 disciplina
1724 3126 1882 3192 iuris
1947 3130 2141 3210 atque
2196 3124 2302 3190 in²

249 3215 512 3301 legibus
595 3216 826 3300 populi
897 3215 1175 3306 Romani
1255 3215 1596 3281 noscendis
1675 3216 2300 3301 interpretandisque

253 3305 546 3387 scientia,
582 3302 743 3369 usu⁸
769 3308 1283 3390 auctoritateque
1311 3303 1638 3370 inlustris⁴¹=
1665 3305 1806 3370 fuit.
1900 3302 1999 3393 (2)
2039 3306 2120 3369 ad
2154 3328 2301 3370 eum

406 3503 459 3570 1)
498 3455 819 3568 disputatio
861 3458 986 3569 ogs
1007 3460 1368 3569 *disceptatio
1408 3498 1680 3553 XOHN.
1811 3503 1864 3569 2)
1903 3517 2003 3555 om.
2027 3499 2301 3554 ΧοΠΝ.

255 3574 312 3637 3)
347 3586 487 3624 usus
525 3569 660 3625 libri
698 3570 840 3625 boni.
987 3574 1041 3641 4)
1079 3569 1337 3625 inlustris
1379 3570 1439 3640 Q.
1487 3569 1713 3624 inlustri
1751 3572 1903 3626 codd.
1937 3576 2057 3626 cett.

363 3669 577 3710 Ivmrn.
607 3678 770 3709 Ait-rut.
797 3680 875 3710 nn.
905 3669 1379 3712 Soaka-Kabia.
1407 3669 1447 3710 Ι.
1951 3664 1980 3712 7
