2650 3917
324 131 410 195 41
419 130 459 195 8
923 128 1280 185 VOLVSIVS
1316 128 1762 184 MAECIANVS.

324 293 644 358 maiorum
689 292 759 356 in
804 291 966 357 duos
1010 293 1193 357 uelut
1238 294 1569 378 semisses,
1629 293 1743 376 qui
1797 294 2091 380 singulae
2138 316 2376 359 uocan-

326 386 451 461 tur,
497 386 563 447 et
608 385 920 466 quattuor
960 383 1144 446 uelut
1191 383 1601 465 quadrante8‚
1654 382 1770 466 qui
1813 382 2091 447 teruncii
2137 404 2374 447 uocan-

324 475 452 555 tur,
498 470 827 535 diuiditur.

461 561 555 626 77.
602 560 913 624 Ponderis
960 561 1179 625 eadem
1226 559 1460 624 diuisio
1498 564 1615 643 est,
1661 581 1827 642 quae
1872 562 2064 645 aeris3
2108 583 2263 624 nam
2299 562 2373 626 in

272 654 870 804 &mmm
914 649 1321 823 ssquffissh}
1323 649 1612 802 ”seffiss
1614 653 1644 712 ‘
1651 649 1975 803 &5123ss
1979 650 2371 805 Ἓέἒὲᾞζὶι

325 829 404 894 de
448 828 729 913 pondere
786 849 899 892 seu
953 828 1032 891 de
1086 832 1425 892 numerata
1468 827 1538 891 in
1591 849 1735 891 aere
1788 829 2064 911 pecunia
2116 832 2373 914 agatur,

321 918 492 982 libra
551 921 767 981 autem
812 918 881 981 in
934 917 1244 1000 pondere:
1296 918 1546 981 nummi
1601 938 1755 981 uero
1812 918 2102 1003 argentei
2147 919 2215 981 in
2260 941 2370 1002 pe-

327 1009 519 1072 cunia
561 1007 772 1071 forma
815 1006 1076 1089 publiea
1120 1006 1456 1070 dumtaxat
1501 1027 1737 1070 nomen
1781 1007 2125 1090 accipiunt.

244 1123 297 1161 ιο
459 1096 552 1161 79.
599 1095 1047 1159 Mensurarum
1093 1094 1367 1178 liquoris
1413 1099 1608 1179 atque
1652 1095 1840 1181 grani
1895 1096 2258 1179 expeditior
2299 1101 2369 1160 et

321 1186 530 1249 forma
575 1188 640 1248 et
695 1184 1047 1268 appellatio
1094 1186 1210 1247 est.
1300 1206 1452 1248 nam
1500 1184 1909 1268 quadrantal,
1963 1185 2137 1268 quod
2190 1207 2366 1250 nune

319 1274 615 1359 plerique
659 1274 1036 1357 amphoram
1084 1276 1349 1357 uocant,
1393 1273 1592 1338 habet
1636 1295 1831 1338 urnas
1879 1274 2065 1357 duas,
2110 1275 2363 1339 modios

317 1367 470 1446 tres,
515 1362 837 1427 semodios
874 1383 1005 1445 sex,
1050 1363 1318 1449 congios
1358 1366 1526 1447 octo,
1570 1362 1886 1427 sextarios
1934 1363 2366 1449 quadraginta

320 1457 486 1535 octo,
531 1451 822 1515 heminas
867 1453 1224 1536 nonaginta
1268 1474 1399 1533 sex,
1445 1453 1807 1534 quartarios
1858 1455 2117 1516 eentum
2162 1475 2366 1518 nona-

239 1567 289 1607 ιε
319 1542 527 1695 {311¹}
570 1541 758 1694 135οιίιιο,
856 1540 1127 1622 cyathos
1227 1541 1618 1627 quingentos
1718 1543 2133 1627 septuaginta
2227 1564 2361 1607 sex.

292 1680 300 1688 .
401 1678 416 1694 .
529 1652 567 1694 o
638 1652 674 1694 e
718 1651 1191 1694 mensurarum:

496 1736 935 1821 quadrantalis
1123 1754 1193 1820 ql
1483 1735 1744 1801 sextarii
1790 1737 1872 1801 ad
1916 1737 2143 1801 uinum
2190 1738 2236 1803 3

493 1848 693 1891 urnae
1120 1842 1199 1909 qs
1323 1906 1329 1913 ι
1732 1826 1815 1890 ad
1861 1848 2135 1912 granum
2190 1823 2298 1895 ,32)

492 1933 694 1998 modii
1112 1918 1192 1996 fil
1480 1914 1776 1979 heminae
2188 1930 2221 1981 9

233 2032 288 2071 ²⁰
494 2040 762 2106 semodii
1111 2026 1201 2106 ᾖε
1483 2003 1795 2106 ‘luminii
2182 2010 2268 2069 ¹²¹¹

493 2129 709 2216 congii
1109 2129 1168 2194 Z
1485 2093 1703 2175 Gya-sah]
2181 2094 2269 2159 TI

449 2235 534 2300 81.
581 2235 869 2301 Partium
908 2240 975 2302 et
1007 2237 1262 2300 numeri
1305 2235 1620 2300 naturalis
1658 2258 1852 2301 causa
1886 2240 2092 2320 durat,
2139 2259 2362 2321 quam-

315 2324 418 2389 uis
462 2324 836 2390 nominibus
859 2327 1056 2409 apud
1103 2347 1392 2410 quasque
1433 2328 1659 2411 gentes
1702 2322 2047 2391 differant.·”
2117 2326 2379 2411 ponde-·

314 2415 406 2478 ris
454 2418 521 2479 et
563 2416 1287 2503 mensurarum-modus
1332 2415 1618 2478 incertus
1656 2418 1772 2492 est,
1815 2435 1968 2479 nam
2007 2414 2186 2479 eius4
2230 2415 2358 2480 dis·
2418 2440 2425 2445 ·

237 2530 288 2571 25
319 2504 546 2588 pensio
594 2525 671 2568 ac
716 2504 1075 2569 dimensio.

313 2663 470 2715 mina
503 2678 668 2716 sensu
702 2661 950 2731 generali
981 2662 1163 2729 accipi
1197 2662 1535 2730 inceperwnt,
1571 2667 1636 2715 at
1669 2662 2051 2746 significarent
2093 2664 2362 2732 cuiusque

314 2734 559 2802 argentei
592 2734 822 2799 nummi,
849 2734 945 2787 cui
977 2734 1411 2802 applicui-entim,
1438 2733 1719 2798 decimam,
1746 2734 2073 2800 vicesimam,
2111 2735 2357 2803 quadra·

312 2806 571 2875 yeeimam
608 2811 842 2874 pao-tem.
915 2804 1065 2858 unde
1107 2820 1313 2858 necesse
1359 2810 1492 2869 erat,
1546 2809 1611 2858 ut
1652 2806 1705 2858 si
1750 2805 1826 2858 ad
1868 2807 2174 2861 sestertium
2207 2809 2361 2860 ratio

315 2876 683 2942 conficeretur,
720 2878 783 2930 in
819 2876 1224 2947 siqnifi'catione
1261 2877 1408 2930 aeris
1443 2877 1782 2931 excurrentis
1816 2878 2150 2945 computatio
2189 2894 2354 2948 anye-

312 2954 480 3002 retur.
559 2964 837 3015 ponamus
880 2947 1199 3015 exemplum.
1283 2949 1348 3000 in
1391 2948 1624 3015 antiquo
1668 2949 1906 3002 sestertio
1951 2964 2018 3002 as
2061 2964 2362 3003 excurrens

313 3018 617 3073 notabatur
653 3050 718 3058 —
760 3025 811 3073 et
854 3020 1153 3073 vocabatur
1207 3019 1410 3084 libella,
1465 3019 1528 3071 in
1582 3035 1721 3073 novo
1774 3019 2076 3074 notabatwr
2112 3046 2180 3065 =
2208 3015 2261 3073 Β,
2305 3026 2358 3074 et

313 3091 614 3144 vocabatur
668 3090 813 3145 duae
867 3091 1083 3145 libellae
1134 3090 1379 3159 singula.
1438 3089 1507 3154 cf.
1545 3094 1576 3154 ξ
1616 3090 1727 3143 68’.
1783 3090 1901 3144 Ha
2095 3091 2207 3160 1)‘
2211 3093 2362 3146 assis

303 3167 498 3231 partes
539 3163 728 3216 animo
772 3163 1069 3229 finiuntur,
1124 3178 1293 3228 eaque
1348 3161 1547 3215 divisio
1602 3162 1946 3230 appellatum
1999 3162 2176 3217 librae
2227 3178 2360 3217 vero

314 3239 501 3300 partes
533 3233 682 3300 fiunt
708 3233 1016 3302 pendendo,
1062 3233 1208 3301 quod
1252 3232 1572 3300 dispendere
1617 3234 1747 3287 olim
1801 3233 2002 3288 dixere.
2058 3235 2130 3300 cf.
2169 3238 2201 3299 ς
2239 3235 2354 3289 81’.

320 3304 432 3358 Ha.
618 3306 671 3373 2)
710 3309 768 3357 et
805 3304 1014 3357 dieitur
1047 3303 1384 3372 scripsimm.
1441 3302 1524 3357 ita
1552 3303 1705 3358 codd.
1765 3303 1974 3358 dicitur
2000 3304 2086 3358 ita
2116 3307 2358 3360 Momm-

312 3391 426 3429 sen.
572 3374 930 3498 3)Vdifferant
964 3376 1287 3430 Mommsen.
1345 3372 1554 3427 referat
1589 3376 1714 3430 PV.
1861 3381 1916 3445 4)
1953 3392 2088 3429 nam
2126 3377 2246 3430 eius
2284 3379 2354 3431 P.

312 3462 576 3498 numerus
675 3488 686 3499 .
