2650 3917
918 158 1045 213 GAI
1078 158 1334 213 INSTIT.
1372 160 1424 213 II
1459 165 1693 214 44—49..
2198 159 2333 224 203

292 322 427 387 siue
482 323 765 407 mancipi
823 322 953 388 sint
1000 345 1109 387 eae
1155 345 1258 387 res
1308 323 1445 387 siue
1500 345 1619 387 nec
1673 324 1978 408 mancipi,
2036 322 2087 387 si
2136 322 2328 388 modo

290 414 430 476 eas¹
479 412 651 476 bona
697 412 822 477 fide
870 412 1319 497 acceperimuS,
1363 434 1508 476 cum
1556 411 1955 477 crederemus
2002 434 2167 495 eum,
2218 413 2330 496 qui

291 500 589 584 traderet,
626 502 959 567 dominum
998 523 1151 566 esse.
1239 502 1340 565 44.
1383 501 1569 578 Quod
1604 501 1749 566 ideo
1789 506 2118 586 receptum
2155 501 2330 566 uide-

291 594 422 667 tur,
469 612 551 654 ne
597 613 811 656 rerum
860 591 1143 655 dominia
1190 591 1432 655 diutius
1481 591 1548 654 in
1595 592 1839 655 incerto
1888 595 2127 673 essent,
2184 612 2329 656 cum

291 679 621 746 sufficeret
666 681 929 745 domino
968 680 1047 743 ad
1095 679 1542 763 inquirendam
1579 702 1714 746 rem
1753 703 1932 745 suam
1974 680 2123 743 anni
2175 677 2321 768 aut}

289 769 534 833 biennii
582 770 887 854 spatium,
934 770 1107 855 quod
1152 774 1408 853 tempus
1449 769 1530 832 ad
1574 770 2032 854 usucapionem
2079 791 2327 853 posses-

291 859 426 923 sori
470 859 788 923 tributum
838 862 949 923 est.

421 948 519 1012 45.
570 946 695 1012 Sed
741 948 1087 1032 aliquando
1135 947 1387 1012 etiamsi
1444 948 1722 1011 maxime
1782 948 1928 1031 quis
1984 947 2157 1011 bona
2202 947 2328 1011 fide

286 1035 567 1101 alienam
614 1059 748 1103 rem
798 1037 1151 1121 possideat,
1206 1060 1339 1100 non
1395 1041 1609 1102 tamen
1664 1037 1764 1101 illi
1819 1036 2128 1138 usucapio
2184 1059 2329 1120 pro-

287 1118 476 1205 cedit,
526 1126 708 1190 uelut
757 1128 812 1190 si
860 1124 1042 1210 quis²
1095 1148 1231 1191 rem
1295 1127 1626 1191 furtiuam
1662 1131 1776 1191 aut
1829 1126 1897 1189 ui
1961 1147 2327 1228 possessam

287 1178 685 1300 possideat33
744 1239 895 1280 nam
949 1216 1261 1281 furtiuam
1307 1218 1413 1281 lex
1460 1234 1561 1279 XII
1624 1215 1993 1280 tabularum
2058 1214 2329 1299 usucapi

284 1304 617 1390 prohibet,
663 1306 732 1369 ui
777 1327 1140 1390 possessam
1187 1306 1294 1369 lex
1339 1303 1507 1370 Iulia
1554 1309 1617 1369 et
1665 1305 1936 1369 Plautia.
2018 1304 2115 1369 46.
2162 1303 2328 1368 Item

284 1394 713 1478 prouincialia
801 1394 1064 1478 praedia
1162 1393 1662 1479 usucapionem4
1761 1416 1888 1460 non
1988 1394 2326 1478 recipiunt.

282 1482 382 1547 47.
424 1483 584 1548 Item
621 1482 809 1549 olim⁵
835 1484 1143 1568 mulieriS,
1175 1506 1338 1569 quae
1368 1484 1436 1548 in
1474 1487 1861 1571 agnatorum
1899 1485 2105 1548 tutela
2135 1487 2271 1547 erat
2283 1482 2328 1565 ⁶,

287 1593 389 1635 res
438 1573 718 1657 mancipi
765 1574 1034 1658 usucapi
1079 1596 1210 1638 non
1256 1578 1590 1658 poterant,
1643 1579 2096 1657 praeterquam
2143 1573 2197 1637 si
2245 1573 2326 1637 ab

286 1661 432 1745 ipsa
477 1663 692 1727 tutore
737 1670 985 1728 auctore
1027 1663 1304 1727 traditae
1352 1667 1591 1727 essent·
1638 1662 1703 1726 id
1744 1664 1835 1726 ita
1879 1659 2049 1748 lege⁷
2086 1680 2188 1725 XII
2234 1666 2326 1726 ta-

284 1750 587 1815 bularum
624 1759 876 1817 comtum
911 1758 1059 1817 erat.
1071 1751 1097 1789 ⁸
1178 1752 1274 1817 48.
1312 1750 1479 1816 Item
1513 1751 1756 1815 liberos
1792 1751 2087 1816 homines
2125 1755 2188 1816 et
2225 1773 2325 1815 res

284 1861 502 1905 sacras
550 1845 615 1904 et
659 1841 998 1929 religiosas
1045 1841 1311 1926 usucapi
1349 1863 1476 1905 non
1521 1862 1710 1924 posse
1758 1839 2174 1904 manifestum
2211 1844 2325 1905 est.

280 1928 383 1993 49.
433 1928 618 2005 Quod
666 1953 818 2017 ergo
874 1931 1074 2034 uulgo
1141 1931 1377 1995 dicitur
1439 1930 1830 1995 furtiuarum
1885 1951 2101 1994 rerum
2149 1935 2212 1994 et
2258 1931 2326 1993 ui

283 2040 734 2103 possessarum
799 2020 1259 2106 usucapionem
1321 2041 1438 2104 per
1502 2019 1711 2104 legem
1758 2038 1859 2083 XII
1922 2017 2326 2084 tabularum⁹

281 2108 684 2192 prohibitam
733 2131 888 2194 esse,
934 2133 1065 2175 non
1114 2132 1188 2175 eo
1234 2109 1534 2193 pertinet,
1581 2114 1654 2173 ut
1699 2131 1778 2173 ne
1821 2111 1955 2191 ipse
1990 2109 2098 2173 fur
2142 2111 2328 2190 quiue

281 2219 403 2281 per
465 2199 601 2262 uim
657 2162 970 2283 possidet,
1034 2221 1389 2283 usucapere
1449 2198 1661 2281 possit
1736 2196 1914 2286 (nam
1976 2197 2131 2262 huic
2196 2198 2326 2264 alia

280 2286 537 2351 ratione
583 2289 891 2372 usucapio
939 2311 1072 2353 non
1119 2289 1450 2375 competit,
1499 2287 1652 2373 quia
1699 2287 1944 2352 scilicet
1989 2288 2158 2352 mala
2199 2287 2325 2352 fide

432 2483 483 2550 1)
524 2497 591 2535 ea
629 2481 694 2536 V.
806 2484 860 2550 2)
898 2482 997 2550 qui
1033 2481 1100 2536 V.
1213 2486 1265 2550 3)
1304 2482 1663 2552 possideatur
1689 2482 1756 2535 V.
1868 2485 1920 2551 4)
1957 2481 2228 2550 usucapio
2256 2481 2324 2536 V.

279 2555 340 2622 5)
378 2552 519 2608 item
557 2552 692 2606 olim
733 2553 1021 2609 Goeschen.
1057 2570 1147 2607 res
1184 2554 1252 2608 V.
1427 2556 1480 2623 6)
1519 2556 1681 2607 erant
1716 2553 1782 2607 V.
1946 2555 1996 2621 7)
2035 2551 2218 2622 legem
2255 2553 2323 2607 V:

278 2627 340 2694 8)
380 2642 436 2677 m
473 2627 575 2694 (vel
611 2641 678 2679 ca
689 2627 735 2694 2)
771 2624 802 2677 f
832 2624 899 2679 V.
1010 2628 1063 2695 9)
1101 2624 1289 2696 legem
1315 2624 1421 2679 XII
1453 2625 1800 2696 tabularum]
1838 2624 1965 2694 lege
2003 2643 2082 2676 xn
2110 2623 2226 2678 tab.
2256 2623 2323 2680 V.

276 2695 470 2766 legem
506 2698 646 2751 Inst.
683 2699 823 2751 Iust.

430 2844 587 2904 §45.
643 2841 712 2906 cf.
752 2839 997 2908 infras,
1027 2846 1112 2894 49.
1169 2841 1218 2893 Ι.
1258 2846 1309 2907 2,
1341 2846 1390 2906 6,
1423 2846 1480 2905 1;
1510 2845 1560 2893 2.
1626 2840 1703 2893 D.
1742 2843 1830 2906 47,
1860 2843 1911 2905 8,
1942 2838 2174 2907 6(Ven.
2217 2841 2322 2909 76).

278 2915 372 2976 41,
402 2914 453 2977 3,
484 2915 552 2963 33
561 2928 655 2979 p.r
695 2912 827 2980 (Iul.
867 2914 1009 2981 614).
1050 2917 1135 2979 41,
1166 2916 1215 2979 3,
1246 2917 1296 2976 4,
1329 2918 1359 2965 6
1378 2881 1588 2980 (P'auz.
1627 2913 1770 2980 673).
1833 2910 1969 2965 Gen.
2014 2914 2096 2978 17,
2129 2914 2175 2963 7.
2233 2910 2325 2963 lex

274 2980 525 3108 Issiazet
562 2981 811 3054 Plautia]
867 2985 936 3049 cf.
976 2984 1051 3037 D.
1092 2988 1179 3050 41,
1210 2988 1260 3050 3,
1290 2988 1377 3050 33,
1407 2990 1438 3037 2
1479 2984 1610 3052 (Iul.
1651 2984 1793 3050 614).
1851 2988 1938 3049 41,
1970 2986 2019 3049 3,
2051 2986 2099 3049 4,
2130 2987 2223 3048 223
2255 2987 2322 3035 23

360 3071 437 3108 au
516 3058 620 3106 674

277 3056 301 3123 (
427 3130 457 3190 5
496 3130 581 3178 46.
621 3056 707 3192 >etl
746 3142 921 3194 supra
959 3132 1008 3194 2,
1040 3131 1097 3189 7,
1129 3131 1213 3179 21.
1271 3127 1320 3180 Ι.
1362 3131 1412 3191 2,
1444 3131 1586 3194 Gpr.
1629 3126 1685 3179 G.
1727 3129 1775 3192 7,
1807 3130 1892 3192 31,
1925 3130 1973 3192 1,
2003 3129 2034 3176 2
2075 3125 2146 3192 (α.
2180 3127 2321 3194 531).

427 3202 458 3261 s
498 3202 583 3251 47.
640 3200 708 3265 cf.
737 3214 912 3266 supra
942 3203 1131 3265 1,192.
1188 3198 1347 3264 insta
1376 3203 1427 3264 2,
1456 3202 1540 3251 8ο.
1580 3198 1682 3251 Fr.
1716 3166 1836 3251 V'at.
1859 3167 1963 3248 2’59
1993 3197 2156 3266 (Pap.
2179 3199 2320 3265 693).

274 3269 385 3325 Fr.
418 3270 540 3324 Vat.
573 3275 601 3322 1
634 3270 822 3338 (Paul.
856 3272 1031 3339 1782).
1092 3269 1200 3323 Cic.
1232 3270 1307 3323 ad
1335 3270 1451 3324 Att.
1484 3275 1533 3337 1,
1564 3274 1614 3336 5,
1644 3273 1692 3321 6.
1740 3285 1849 3336 pro
1888 3269 2094 3322 Flacco
2125 3273 2210 3335 34,
2235 3274 2321 3322 84.

430 3344 461 3405 s
500 3344 585 3393 48.
652 3342 721 3407 cf.
761 3342 810 3394 Ι.
870 3347 919 3409 2,
950 3347 1000 3408 6,
1032 3347 1079 3394 1.
1154 3340 1229 3393 D.
1271 3346 1357 3407 41,
1389 3345 1438 3407 3,
1469 3346 1499 3392 9
1559 3340 1711 3408 (Gai.
1759 3341 1899 3408 110).
1979 3340 2034 3394 G.
2077 3345 2125 3407 7,
2167 3347 2250 3408 14,
2290 3346 2320 3393 6

276 3413 354 3480 (a.
388 3413 529 3480 293).
573 3417 620 3479 7,
651 3418 738 3479 22,
770 3417 799 3465 3
840 3414 911 3480 (a.
945 3415 1085 3481 314).
1146 3411 1256 3465 Cic.
1286 3413 1352 3466 de
1388 3413 1614 3481 harusp.
1644 3429 1783 3480 resp.
1817 3417 1901 3478 14,
1932 3415 2016 3465 32.
2074 3412 2321 3467 Gromat.

275 3484 363 3538 ed.
403 3482 630 3537 Lachm.
660 3501 723 3552 p.
765 3489 848 3536 56.
1166 3503 1169 3507 Δ

428 3561 458 3620 ξ
497 3559 582 3609 49.
624 3582 690 3601 =
721 3557 770 3610 Ι.
812 3562 862 3623 2,
892 3561 942 3623 6,
973 3560 1021 3609 3.
1078 3557 1147 3623 cf.
1189 3555 1263 3608 D.
1303 3560 1391 3624 41,
1423 3561 1472 3623 3,
1503 3560 1570 3609 24
1609 3557 1822 3626 (Pomp.
1863 3560 2005 3626 289).

2366 781 2434 829 65
