2650 3917
759 146 910 202 SEX.
951 145 1324 202 CAECILIVS
1363 146 1737 203 AFRICANV
1740 146 1792 202 S.
2167 146 2297 212 105

248 311 479 396 rariae,
526 332 656 396 quo
695 310 1057 377 communis
1096 311 1385 376 omnium
1425 311 1564 377 uita
1608 311 1876 398 indiget,
1922 311 1978 375 si
2022 310 2298 394 perfidia

249 401 620 467 debitorum
676 401 812 465 sine
860 401 1044 486 graui
1097 422 1306 484 poena
1361 401 1663 466 eluderet.
1757 398 1902 488 (42)
1950 400 2258 465 confessis
2273 399 2295 436 1

246 491 456 577 igitur
528 489 693 554 aeris
767 511 841 555 ac
916 488 1154 555 debiti*
1225 489 1527 555 iudicatis
1602 489 1876 575 triginta
1943 489 2079 554 dies
2143 494 2295 553 sunt

248 580 397 645 dati·
432 579 908 663 conquirendae
959 579 1285 664 pecuniae
1326 601 1544 662 causa,
1600 601 1793 664 quam
1849 579 2293 662 dissoluerent,

250 665 398 756 (43)
437 690 677 753 eosque
714 668 849 733 dies
887 668 1235 733 decemuiri
1266 669 1517 734 ‘iustos'
1568 668 2076 754 appellauerunt,
2112 666 2294 733 uelut
2348 692 2376 732 ε»

250 757 577 843 quoddam
624 758 974 841 iustitium,
1021 758 1088 822 id
1135 762 1232 822 est
1278 758 1438 822 iuris
1484 758 1656 822 inter
1709 778 1817 822 eos
1867 757 2050 841 quasi
2097 757 2291 820 inter-

250 848 584 913 stitionem
625 846 947 930 quandam
986 851 1052 911 et
1093 848 1537 930 cessationem,
1584 845 1817 931 quibus
1857 845 2081 911 diebus
2125 845 2293 909 nihil

248 958 396 1002 cum
446 936 550 1001 his
598 937 705 1023 agi
750 936 890 1001 iure
944 940 1182 1019 posset.
1275 934 1422 1024 (44)
1468 941 1621 1020 post
1676 936 1932 1018 deinde,
1985 935 2112 1001 nisi
2167 934 2291 999 dis-

249 1027 607 1109 soluerant,
663 1026 744 1090 ad
788 1030 1153 1110 praetorem
1209 1024 1612 1091 uocabantur
1656 1028 1722 1090 et
1767 1025 1850 1089 ab
1897 1046 2000 1108 eo,
2057 1024 2292 1109 quibus

246 1119 432 1181 erant
478 1114 765 1193 iudicati,
810 1114 1289 1199 addicebantur,
1335 1136 1537 1180 neruo
1584 1136 1842 1199 quoque
1879 1118 1992 1179 aut
2038 1135 2288 1197 compe—
2321 1139 2377 1178 ιο

248 1205 440 1270 dibus
486 1204 949 1269 uinciebantur.
1046 1202 1191 1292 (45)
1223 1205 1317 1270 sic
1363 1204 1537 1270 enim
1585 1207 1753 1288 sunt,
1799 1204 2048 1289 opinor,
2092 1202 2293 1267 uerba

244 1294 429 1380 legis:
476 1309 679 1358 AERIS
730 1310 1064 1359 CONFESSI
1115 1311 1482 1371 REBVSQVE
1530 1311 1694 1357 IVRE
1746 1308 2099 1358 IVDIOATIS
2148 1309 2291 1356 TRI-

249 1400 470 1449 GINTA
561 1399 721 1448 DIES
813 1399 999 1447 IVSTI
1092 1400 1340 1449 SVNTO.
1431 1399 1610 1448 POST
1702 1400 1971 1447 DEINDE
2055 1398 2290 1446 MANVS

245 1489 565 1537 INIEOTIO
613 1489 821 1557 ESTO,
866 1489 941 1536 IN
988 1490 1097 1538 IVS
1146 1488 1430 1538 DVOITO.
1520 1490 1597 1536 NI
1642 1488 2035 1537 IVDIOATVM
2074 1478 2290 1534 'FAOIT

246 1580 386 1626 AVT
427 1578 585 1638 QVIs
631 1577 824 1626 ENDO
863 1577 955 1626 EO
993 1579 1067 1625 1N
1104 1559 1310 1626 IVRE⁸
1344 1578 1685 1645 VINDIOIT,
1732 1578 1961 1626 SEOVM
2007 1576 2290 1642 DVOITO,
2321 1584 2374 1625 ιε

247 1666 540 1716 VINOITO
605 1667 747 1715 AVT
818 1668 1054 1716 NERVO
1118 1669 1260 1715 AVT
1330 1667 1793 1716 COMPEDIBVS.
1895 1666 2290 1728 QVINDEOIM

243 1757 491 1805 PONDO
557 1757 651 1804 NE
707 1756 977 1805 MINORE
1042 1758 1182 1805 AVT
1231 1757 1293 1805 SI
1353 1756 1588 1805 VOLET
1649 1757 1917 1806 MAIORE
1981 1755 2290 1803 VINOITO.

249 1846 313 1894 SI
357 1846 618 1912 VOLET,
665 1845 795 1894 SVO
843 1838 1105 1894 VIVITO.
1194 1846 1270 1893 NI
1319 1846 1450 1895 SVO
1488 1847 1701 1913 V1V1T,
1748 1847 1868 1907 QVI
1914 1846 2062 1893 EVM
2098 1844 2289 1892 VINO-

250 1936 398 1983 TVM
451 1935 792 2002 HABEBIT,
838 1935 1086 1984 LIBRAs
1140 1936 1389 1983 FARRIS
1437 1917 1670 1984 ENDO4
1715 1935 1876 1984 DIES
1923 1933 2135 1982 DATO.
2229 1934 2290 1981 SI

245 2023 514 2091 VOLET,
597 2023 771 2073 PLVS
845 2005 1086 2073 DATO.⁵
1178 2006 1323 2095 (46)
1373 2012 1510 2073 erat
1581 2012 1798 2073 autem
1872 2008 1972 2072 ius
2045 2008 2291 2072 interea
2319 2032 2374 2072 20

247 2095 622 2181 paciscendi
659 2117 751 2180 ac,
787 2098 916 2161 nisi
952 2098 1127 2181 pacti
1166 2098 1398 2176 forent,
1444 2097 1851 2163 habebantur
1896 2098 1964 2161 in
2009 2095 2289 2162 uinculis

248 2187 385 2251 dies
450 2186 806 2272 sexaginta.
898 2184 1044 2273 (47)
1091 2187 1263 2252 inter
1335 2208 1446 2252 eos
1519 2186 1654 2253 dies
1728 2187 1920 2251 trinis
1982 2185 2289 2251 nundinis

243 2275 577 2340 continuis
641 2275 725 2339 ad
785 2280 1148 2360 praetorem
1214 2276 1280 2340 in
1343 2277 1679 2341 comitium
1752 2276 2289 2361 producebantur,

241 2370 653 2449 quantaeque
725 2366 1036 2448 pecuniae
1118 2365 1383 2431 iudicati
1465 2370 1702 2444 essent,
1785 2364 2287 2449 praedicabatur.

239 2455 454 2520 tertiis
502 2457 720 2518 autem
765 2454 1071 2519 nundinis
1118 2456 1331 2540 capite
1377 2477 1618 2539 poenas
1666 2417 1906 2519 dabant
1951 2458 2065 2546 aut
2109 2458 2286 2519 trans
2317 2479 2370 2520 25

241 2541 531 2608 Tiberim
586 2564 856 2630 peregre
908 2565 1149 2608 uenum
1204 2544 1403 2609 ibant.
1498 2542 1641 2631 (48)
1691 2544 1803 2610 sed
1860 2566 1999 2610 eam
2056 2543 2286 2626 capitis

239 2654 518 2717 poenam
567 2632 971 2717 sanciendae,
1016 2633 1208 2698 sicuti
1255 2633 1418 2717 dixi,
1463 2634 1615 2700 fidei
1661 2634 1870 2720 gratia
1915 2633 2285 2698 horrificam

239 2723 607 2789 atrocitatis
691 2725 950 2788 ostentu
1030 2722 1348 2806 nouisque
1429 2723 1783 2787 terroribus
1879 2720 2286 2787 metuendam

240 2811 678 2876 reddiderunt.
770 2833 921 2875 nam
967 2812 1021 2875 si
1067 2812 1284 2896 plures
1330 2812 1574 2895 forent,
1631 2813 1865 2896 quibus
1921 2833 2067 2877 reus
2119 2814 2287 2875 esset

238 2900 587 2985 iudicatus,
648 2921 889 2983 secare,
938 2902 1009 2965 ’si
1064 2901 1334 2986 uellent,
1381 2905 1576 2987 atque
1620 2901 1852 2987 partiri
1898 2921 2133 2985 corpus
2180 2900 2284 2964 ad—
2315 2926 2370 2965 30

242 2989 399 3054 dicti
439 2990 569 3055 sibi
615 2989 896 3055 hominis
942 2990 1394 3073 permiserunt.
1489 2989 1634 3076 (49)
1673 2996 1753 3055 et·
1786 2990 2045 3074 quidem
2088 2988 2286 3054 uerba

239 3080 383 3165 ipsa
417 3079 588 3166 legis
627 3078 856 3163 dicam,
892 3101 973 3144 ne
1021 3079 1347 3145 existimes
1396 3080 1708 3144 inuidiam
1745 3103 1848 3145 me
1887 3081 2079 3144 istam
2116 3080 2284 3144 forte

384 3330 437 3397 1)
477 3326 721 3382 confessi
768 3326 887 3381 edd.
1071 3330 1124 3396 2)
1163 3326 1346 3381 debiti
1396 3327 1528 3382 ΟΝ.
1586 3326 1794 3381 debitis
1835 3327 1897 3381 X
1905 3330 1976 3381 11
2133 3329 2186 3394 3)
2224 3326 2286 3378 in

233 3397 359 3453 iure
397 3417 436 3454 a
464 3399 607 3454 XII
635 3399 842 3454 tabulis
877 3398 1167 3453 abiudicat
1194 3400 1518 3453 Mommsen.
1663 3399 1718 3467 4)
1755 3397 1922 3452 farris
1961 3397 2105 3452 endo
2139 3399 2284 3453 Scri-

231 3473 435 3526 verius.
512 3470 650 3524 ferri
705 3469 851 3524 endo
900 3471 985 3525 vel
1038 3468 1320 3524 ferriendo
1376 3471 1459 3524 vel
1510 3468 1765 3524 feriendo
1820 3469 1973 3524 codd.
2121 3472 2175 3539 5)
2212 3469 2282 3534 ef.

229 3544 324 3599 lea:
363 3542 504 3597 XII
534 3544 645 3597 tab.
687 3546 737 3609 8,
769 3546 907 3596 1—4
946 3542 1164 3611 (Brun-s
1198 3541 1267 3609 1⁶,
1298 3544 1404 3611 20).
