2650 3917
844 127 970 182 GAI
1002 126 1258 182 INSTIT.
1294 128 1348 182 Π
1386 132 1682 182 146-149.
2150 128 2280 193 229

249 291 714 358 commentario
760 290 1033 357 relatum
1069 295 1181 356 est.
1272 291 1401 356 146.
1449 290 1594 356 Hoo
1630 296 1845 357 autem
1882 314 2032 357 casu
2067 287 2283 379 inlrita
2321 303 2386 353 91

247 382 386 446 fieri
431 385 819 446 testamenta
883 381 1192 464 dicemus,
1258 404 1405 445 eum
1462 381 1751 465 alioquin
1798 386 1862 446 et
1907 404 2071 465 quae
2117 405 2284 447 rum-

247 475 517 554 puntur,
565 471 760 533 inrita
806 471 989 554 fiant,
1037 476 1094 535 et
1135 492 1296 553 quae
1354 472 1567 535 statim
1615 471 1693 535 ab
1748 473 1930 535 initio
1976 493 2102 536 non
2147 474 2285 536 iure

243 561 433 644 fiunt,
498 562 699 624 imita
754 563 911 636 sin&
976 561 1086 625 sed
1129 565 1186 624 et
1228 581 1326 638 ea,
1392 582 1550 642 quae
1602 562 1741 625 iure
1788 562 1962 641 facta
2026 568 2173 626 sunt
2229 566 2286 624 et

237 656 457 732 postea
493 655 752 731 propter
796 651 1023 731 capitis
1058 650 1541 714 deminutionem
1569 651 1770 715 inrita
1804 651 1981 732 fiunt,
2012 654 2284 734 possunt

246 738 455 803 nihilo
522 740 737 803 minus
801 741 993 822 rupta
1040 739 1182 803 diei.
1276 738 1390 802 sed
1454 741 1604 823 quia
1670 761 1821 803 sane
1885 739 2282 804 commodius

248 832 385 892 erat
431 829 718 913 singulas
767 850 988 893 causas
1037 829 1310 912 singulis
1359 828 1901 912 appellationibus
1949 828 2282 913 distingui,

245 918 389 982 ideo
445 918 754 1001 quaedam
808 939 939 981 non
996 918 1136 981 iure
1190 917 1332 980 fieri
1389 918 1716 1001 dicuntur,
1778 918 2090 1001 quaedam
2144 918 2281 982 iure

244 1008 419 1073 faeta
463 1008 677 1091 rumpi
722 1008 829 1071 uel
873 1007 1071 1071 inrita
1114 1006 1269 1072 fieri.

378 1113 507 1178 147.
555 1112 707 1179 Νο11
763 1118 978 1179 tamen
1025 1135 1139 1196 per
1193 1113 1411 1176 omnia
1464 1113 1721 1177 inutilia
1768 1118 1918 1179 sunt
1964 1136 2038 1179 ea
2090 1117 2281 1182 testa-

243 1207 481 1287 menta,
528 1225 691 1288 quae
726 1204 833 1267 uel
870 1202 949 1267 ab
998 1202 1187 1266 initio
1235 1224 1366 1266 non
1403 1203 1540 1267 iure
1587 1203 1759 1268 faeta
1804 1208 1956 1268 sunt
1992 1202 2097 1267 uel
2142 1203 2282 1268 iure

243 1294 417 1359 faeta
463 1296 688 1377 postea
722 1292 919 1357 inrita
954 1293 1126 1356 facta
1162 1298 1276 1356 aut
1308 1296 1504 1376 rupta
1541 1296 1706 1357 sunt.
1770 1316 1916 1358 nam
1954 1294 2008 1357 si
2038 1297 2281 1377 septem

245 1384 511 1448 testium
558 1382 761 1466 signis
809 1383 1064 1467 signata
1110 1382 1241 1444 sint
1286 1384 1698 1465 testamenta,
1744 1386 1960 1466 potest
2006 1385 2281 1467 scriptus

243 1471 430 1537 heres
479 1471 830 1537 seeundum
868 1470 1123 1535 tabulas
1168 1470 1489 1535 bonorum
1534 1473 2006 1554 possessionem
2048 1476 2282 1556 petere,

245 1562 301 1627 si
345 1562 539 1625 modo
599 1560 940 1626 defunctus
997 1563 1267 1624 testator
1312 1563 1379 1623 et
1435 1561 1594 1625 ciuis
1643 1560 1972 1627 Romanus
2019 1565 2084 1627 et
2131 1585 2281 1627 suae

243 1651 589 1736 potestatis
634 1651 860 1715 mortis
909 1653 1196 1733 tempore
1235 1649 1446 1714 fuerit.
1537 1670 1688 1714 nam
1728 1652 1782 1716 si
1820 1651 1962 1716 ideo
2013 1652 2280 1716 inritum

244 1741 487 1805 factum
562 1739 684 1803 sitl
755 1743 1239 1823 testamentum,
1313 1739 1483 1822 quod
1549 1742 1711 1823 puta
1784 1741 2113 1805 ciuitatem
2175 1740 2283 1805 uel

244 1831 439 1894 etiam
485 1829 852 1894 libertatem
898 1832 1172 1893 testator
1228 1828 1444 1892 amisit
1489 1832 1600 1892 aut
1648 1827 1835 1912 quia²
1878 1830 1945 1893 in
1994 1829 2281 1912 adoptio-

243 1942 386 1983 nem
458 1940 525 1983 se
591 1918 767 1983 dedit
829 1924 886 1983 et
946 1919 1174 1983 mortis
1239 1921 1531 2001 tempore
1594 1919 1659 1981 in
1727 1918 2017 2001 adoptiui
2078 1920 2280 2001 patris

242 2012 564 2092 potestate
609 2007 752 2091 fuit,
797 2030 930 2071 non
975 2011 1193 2092 potest
1238 2008 1516 2090 scriptus
1561 2006 1747 2071 heres
1795 2008 2140 2072 seeundum
2188 2012 2281 2072 ta-

241 2100 429 2163 bulas
478 2097 796 2162 bonorum
852 2099 1323 2181 possessionem
1395 2100 1624 2181 petere.
1714 2096 1842 2161 148.
1901 2096 2022 2177 Qui
2076 2103 2277 2162 autem

243 2187 595 2253 seeundum
633 2186 889 2251 tabulas
928 2186 1316 2268 testamenti,
1367 2208 1530 2269 quae
1567 2189 1680 2249 aut
1717 2187 1933 2250 statim
1973 2186 2051 2250 ab
2091 2186 2278 2251 initio

242 2299 376 2341 non
422 2277 560 2340 iure
612 2276 819 2340 factae
876 2273 1063 2340 sunt⁸
1118 2279 1231 2339 aut
1283 2277 1423 2340 iure
1476 2276 1684 2340 factae
1737 2280 1963 2360 postea
2017 2274 2303 2358 ruptae4'

241 2368 350 2431 uel
394 2365 626 2430 inritae
674 2368 889 2449 erunt,
937 2364 1252 2430 bonorum
1299 2365 1776 2449 possessionem
1824 2365 2176 2448 accipiunt,
2225 2365 2278 2429 si

241 2455 437 2519 modo
473 2458 747 2539 possunt
783 2454 1204 2520 hereditatem
1243 2454 1551 2539 optinere,
1596 2454 1925 2520 habebunt
1960 2455 2274 2520 bonorum

243 2544 714 2629 possessionem
779 2567 924 2609 oum
972 2567 1066 2629 re3
1132 2544 1186 2607 si
1252 2566 1405 2608 uero
1473 2544 1551 2607 ab
1616 2544 1717 2608 his
1784 2544 2039 2610 auoeari
2103 2544 2280 2609 here-

243 2635 414 2699 ditas
461 2637 695 2717 potest,
741 2633 1071 2698 habebunt
1115 2634 1434 2698 bonorum
1487 2635 1950 2717 possessionem
2013 2637 2148 2698 sine
2193 2655 2278 2698 re.

241 2724 371 2788 149.
418 2721 589 2788 Nam
628 2725 684 2787 si
731 2724 875 2807 quis
921 2723 1106 2788 heres
1152 2724 1291 2787 iure
1339 2722 1517 2788 ciuili
1563 2723 1897 2788 institutus
1937 2724 2022 2787 sit
2059 2725 2165 2787 uel
2201 2746 2274 2787 ex

391 2920 441 2986 1)
478 2917 692 2971 factum
731 2917 807 2972 sit
838 2919 976 2972 Inst.
1034 2919 1139 2972 fio?
1178 2917 1242 2970 V.
1356 2919 1408 2986 2)
1448 2918 1546 2969 aut
1585 2915 1719 2983 quia
1757 2918 1895 2970 I‘nst.
1952 2918 2057 2970 uut
2093 2916 2181 2969 his
2210 2916 2275 2971 V.

242 2993 295 3060 3)
336 2990 453 3043 sint
487 2989 555 3042 V.
700 2992 754 3058 4)
791 2991 1001 3058 nuptae
1037 2989 1104 3041 V.

390 3174 418 3233 s
460 3174 579 3222 146.
619 3195 685 3214 =
716 3170 765 3222 Ι.
797 3174 846 3233 2,
870 3173 952 3235 1⁷,
976 3172 1007 3221 5
1029 3171 1119 3237 (4).
1177 3169 1246 3234 cf.
1270 3169 1437 3221 Paul.
1470 3166 1602 3221 Con.
1627 3172 1709 3232 16,
1733 3172 1781 3234 3,
1805 3172 1835 3219 2
1866 3166 2033 3234 (Sent.
2060 3171 2110 3231 4,
2134 3170 2184 3233 8,
2206 3168 2276 3238 2).

238 3243 319 3297 D.
351 3244 439 3309 28,
468 3247 517 3304 3,
550 3246 578 3293 1
620 3242 784 3309 (Pap.
824 3242 931 3307 40).
990 3245 1074 3306 38,
1108 3245 1191 3306 16,
1224 3245 1251 3292 1
1274 3255 1368 3305 pr.
1407 3238 1561 3307 (Uzp.
1602 3240 1779 3306 2512).

387 3318 417 3378 ς
458 3317 578 3366 147.
627 3338 693 3357 =
723 3313 772 3365 1.
804 3313 1143 3380 2‚17,6(5).
1200 3313 1269 3377 ef.
1312 3310 1433 3379 Uzp.
1465 3315 1550 3376 23,
1581 3316 1630 3363 6.
1670 3316 1756 3377 28,
1786 3314 1834 3362 6.
1889 3326 2065 3377 supra
2094 3316 2277 3377 2,119

236 3391 290 3439 et
327 3386 409 3438 ibi
444 3386 651 3438 citatos,

386 3461 417 3520 ἓ
457 3460 575 3509 148.
632 3457 701 3522 cf.
753 3455 875 3523 Uzp.
932 3460 1018 3520 23,
1050 3459 1098 3507 6.
1157 3459 1241 3521 28,
1275 3460 1358 3508 13.
1424 3455 1581 3520 infra
1619 3459 1668 3521 3,
1699 3458 1766 3507 35
1785 3470 1861 3523 sq.
1935 3454 2103 3508 Paul.
2146 3454 2276 3509 Goll.

238 3533 330 3596 16,
360 3533 411 3595 3,
442 3533 469 3580 1
510 3526 675 3596 (Sem.
706 3533 756 3593 4,
786 3531 837 3594 8,
868 3528 936 3595 1).
