2650 3917
1075 145 1142 199 L.
1176 143 1475 200 CINCIVS.
2202 142 2288 205 29

250 310 725 393 iusiurandum,
789 313 863 373 ut
928 309 1250 394 adessent,
1313 308 1419 373 his
1475 308 1712 372 additis
1776 304 2290 392 exceptionibus:

252 400 438 467 “NISI
482 416 816 464 HARVNCE
866 416 1051 476 QVAE
1101 414 1324 464 CAVSA
1369 415 1564 462 ERIT:
1617 414 1845 463 FVNVS
1901 412 2287 459 FAMILIARE

249 506 601 555 FERIAEVE
649 504 1042 553 DENICALES
1054 487 1098 573 ²,
1154 504 1339 565 QVAE
1387 504 1535 552 NON
1580 503 1738 552 EIVS
1785 504 1905 550 REI
1950 501 2170 549 CAVSA
2216 501 2292 547 IN

248 596 400 643 EVM
443 596 626 644 DIEM
674 595 1046 644 CONLATAE
1094 594 1273 660 SINT,
1319 593 1462 654 QVO
1509 592 1572 640 IS
1618 592 1712 641 EO
1760 593 1884 640 DIE
1930 590 2144 638 MINVS
2192 590 2300 637 1131,

249 685 494 753 ESSET,
559 684 840 733 MORBVS
908 683 1244 731 SON'I’ICVS
1310 682 1809 749 AVSPICIVMVE,
1873 680 2066 741 QVOD
2134 680 2291 727 SINE
2348 686 2371 727 5

253 773 557 823 PIACVLO
642 773 1087 820 PRAETERIEE
1163 772 1310 820 NON
1386 772 1668 839 LICEAT,
1752 769 2292 819 SACRIFICIVMVE

250 862 846 929 ANNIVERSARIVM,
893 862 1087 922 QVOD
1136 861 1365 909 RECTE
1414 862 1606 908 FIERI
1650 860 1798 908 NON
1844 859 2108 925 POSSI'I’,
2153 856 2293 905 NISI

250 952 443 1001 IPSVS
491 952 587 1000 EO
635 952 758 999 DIE
795 952 896 999 n31
932 951 1062 1018 SIT,
1106 950 1217 998 VIS
1265 950 1648 1016 HOSTESVE,
1696 949 1957 997 STATVS
2008 945 2295 996 CONDIC-

253 1042 476 1091 ‘I'VSVE
552 1041 713 1089 DIES
788 1040 932 1088 CVM
1003 1040 1253 1089 HOSTE.
1348 1040 1410 1087 SI
1477 1039 1594 1088 CVI
1656 1039 1900 1087 EORVM
1962 1035 2306 1084 HARVNCE

253 1131 438 1191 QVAE
479 1130 703 1180 CAVSA
738 1131 924 1198 ERIT,
970 1131 1118 1177 TVM
1165 1129 1246 1177 SE
1292 1128 1691 1192 POSTRIDIE,
1737 1128 1933 1188 QVAM
1978 1127 2116 1173 PER
2162 1124 2291 1172 EAS
2322 1132 2375 1173 10

255 1220 514 1270 CAVSAS
572 1220 883 1288 LICEBI‘I’,
945 1219 1037 1267 EO
1103 1219 1226 1266 DIE
1290 1219 1681 1266 VENTVEVM
1744 1194 2294 1275 ADITVRVMQVE²

252 1311 419 1376 EVM,
467 1306 590 1369 QVI
625 1309 775 1356 EVM
811 1289 1072 1375 PAGVM,
1108 1308 1332 1356 VICVM
1368 1308 1779 1357 OPPIDVMVE
1817 1288 2274 1354 DELEGERIT''

254 1420 344 1430 —
395 1382 555 1448 Gall.
598 1381 700 1467 16,
736 1381 800 1466 4,
837 1380 1031 1445 2—4.

383 1472 479 1538 14.
523 1469 693 1536 Item
738 1471 810 1535 in
856 1470 1081 1535 eodem
1133 1469 1305 1535 libro
1362 1468 1564 1534 uerba
1625 1467 1783 1533 haec
1834 1471 2014 1541 sunt:
2081 1464 2294 1530 ‘Miles

255 1583 402 1629 cum
450 1561 582 1645 die,
643 1560 755 1645 qui
800 1560 1136 1645 prodictus
1202 1563 1326 1644 est,
1393 1557 1615 1623 aberat
1678 1579 1885 1642 neque
1952 1559 2294 1621 excusatus
2324 1579 2376 1620 15

256 1654 412 1735 erat,
458 1612 833 1734 infrequens
882 1611 1344 1713 censebatur'.⁷3
1389 1684 1478 1695 —
1530 1648 1688 1714 Gall.
1728 1646 1830 1731 16,
1866 1645 1928 1731 4,
1966 1644 2026 1711 5.

387 1702 478 1805 15.
522 1737 691 1803 Item
750 1740 820 1804 in
877 1737 1049 1803 libro
1110 1741 1294 1802 sexto
1356 1735 1481 1801 hoc
1540 1737 1854 1838 scriptum
1914 1738 2040 1799 est:
2103 1732 2298 1798 Alae

258 1828 468 1893 dictae
514 1828 834 1893 exercitus
874 1829 1168 1913 equitum
1199 1827 1477 1910 ordines,
1506 1826 1681 1928 quod
1719 1826 1961 1890 circum
2004 1823 2297 1909 legiones

259 1919 486 1984 dextra
533 1918 925 2002 sinistraque
970 1921 1305 2000 tamquam
1352 1915 1491 1980 alae
1533 1916 1601 1979 in
1648 1916 1870 1980 auium
1917 1912 2297 1997 corporibus

256 2006 655 2072 locabantur.
746 2007 816 2071 in
870 2005 1125 2092 legione
1173 2009 1325 2071 sunt
1373 2005 1700 2070 centuriae
1746 2002 2112 2088 sexaginta,
2169 2023 2299 2065 ma·
2328 2027 2380 2067 20

258 2096 470 2181 nipuli
514 2096 805 2181 triginta,
853 2094 1152 2161 cohortes
1200 2095 1462 2159 decem'.
1509 2131 1598 2141 -
1650 2093 1805 2160 Gen.
1851 2093 1953 2175 16,
1988 2092 2067 2176 4,
2090 2090 2149 2156 6.

858 2272 985 2327 DE
1029 2271 1333 2327 VERBIS
1366 2269 1720 2327 PRISC11S.⁴

390 2382 481 2448 16.
531 2381 802 2447 Scenam
848 2403 1052 2467 genus
1093 2382 1293 2464 fuisse
1333 2382 1496 2463 ferri
1539 2379 1958 2444 manifestum
2006 2381 2132 2462 est3
2190 2377 2303 2440 sed

263 2467 523 2537 utrum⁶
570 2471 812 2535 securis
841 2493 925 2535 an
956 2470 1226 2536 dolabra
1254 2470 1361 2555 sit,
1408 2470 1780 2555 ambigitur.
1874 2463 2304 2571 quamquam⁶

264 2559 526 2627 Cincius
572 2560 648 2624 in
685 2560 874 2645 libro,
930 2560 1042 2645 qui
1098 2565 1198 2624 est
1246 2558 1365 2645 [ei]
1415 2560 1492 2623 de
1537 2559 1756 2623 uerbis
1812 2557 2065 2642 priscis,
2130 2554 2303 2619 dola-
2331 2580 2381 2621 25

261 2650 447 2714 bram
493 2649 587 2714 ait
633 2670 773 2713 esse
816 2650 1236 2734 pontificiam.
1284 2686 1374 2696 —
1418 2649 1583 2714 Fest.
1620 2671 1675 2713 v.
1711 2668 1962 2714 scenam
1984 2668 2054 2749 Ρ.
2097 2644 2244 2709 330.

391 2740 484 2804 17.
529 2738 868 2803 Ρο10111010
924 2736 1183 2803 Cincius
1243 2738 1314 2802 in
1357 2737 1469 2802 lib.
1518 2739 1595 2803 de
1651 2737 1868 2802 uerbis
1922 2734 2160 2821 priscis
2211 2733 2303 2796 ait

408 2900 462 2968 1)
504 2897 592 2951 in
634 2898 888 2951 honorem
922 2899 1130 2953 mortni
1172 2897 1552 2962 celebrandae,
1600 2912 1740 2965 quas
1775 2897 1839 2950 in
1884 2911 1973 2950 eos
2016 2893 2133 2948 dies
2177 2908 2302 2947 con-
2392 2947 2396 2954 ⁴

261 2970 404 3036 ferre
439 2971 535 3023 ine
570 2974 704 3034 erat,
741 2970 842 3023 ubi
874 2985 977 3037 neq
978 2985 1044 3024 ue
1087 2966 1299 3023 heredis
1334 2970 1596 3038 privatae
1630 2984 1801 3036 neque
1836 2967 2097 3036 publicae
2131 2965 2304 3030 feriae

262 3048 436 3096 erant.
516 3038 625 3095 Cic
673 3009 740 3094 c’le
775 3040 871 3111 leq.
909 3046 961 3107 2,
943 2986 1090 3094 α22’.
1149 3040 1269 3094 Hn.
1452 3041 1507 3108 2)
1544 3038 1943 3106 aditui-umque
1984 3037 2137 3093 codd.
2177 3036 2302 3090 dett

263 3112 704 3180 adiuturumque
752 3112 906 3167 codd.
944 3112 1089 3167 boni.
1234 3113 1288 3181 3)
1327 3110 1661 3165 censebatur
1705 3112 1822 3166 Hn
1872 3109 2115 3163 dabatur
2150 3107 2303 3163 codd.

261 3185 331 3251 cf.
360 3184 533 3238 Paul.
554 3199 624 3237 ex
649 3182 813 3238 Festo
840 3200 889 3238 v.
919 3185 1219 3239 censionem
1243 3183 1440 3249 facere,
1468 3184 1646 3238 oemio
1673 3184 1928 3237 hastan-ia
1945 3199 2006 3251 Ρ.
2039 3186 2122 3234 54.
2179 3180 2306 3234 item

263 3256 453 3311 Plana.
507 3254 670 3310 Trnc.
701 3258 1038 3323 230=2‚1‚
1061 3260 1143 3308 19.
1234 3255 1384 3308 mode
1447 3261 1681 3324 apparet
1731 3254 1957 3309 militem
2011 3252 2078 3307 00
2132 3251 2305 3318 infre-

264 3330 549 3398 quentiam
583 3327 791 3381 hastae
809 3325 944 3381 dare
979 3343 1222 3393 censum,
1269 3327 1386 3380 nisi
1428 3327 1610 3392 daret,
1667 3327 2028 3397 iynominiose
2080 3326 2307 3377 missum

263 3415 384 3456 0000.
526 3399 642 3468 4)‘
646 3416 711 3452 m
746 3399 832 3453 hie
865 3400 1207 3469 fracmentis,
1245 3415 1385 3467 quae
1418 3415 1536 3454 non
1563 3415 1602 3452 a
1636 3398 1804 3453 Festo
1842 3397 2168 3461 laudantem
2204 3395 2305 3448 mi-

263 3488 370 3527 nue
403 3478 616 3528 cerotem
660 3476 739 3524 est
772 3487 839 3525 ca
875 3487 947 3525 ex-
976 3471 1076 3525 hoc
1112 3471 1250 3525 libro
1278 3471 1461 3538 petita
1496 3471 1646 3525 esse'.
1684 3471 1805 3525 Hn.
1961 3471 2016 3537 5)
2053 3436 2308 3578 futurum

263 3544 374 3599 eoa.
529 3544 586 3613 6)
621 3557 968 3612 quamquam
1005 3542 1124 3596 Hn.
1182 3558 1353 3609 quam
1390 3541 1504 3596 cod.
1562 3542 1567 3547 “
1792 3581 1800 3591 .
1879 3586 1881 3589 ,
