<?xml version="1.0" encoding="UTF-8"?>
<!DOCTYPE html PUBLIC "-//W3C//DTD XHTML 1.0 Transitional//EN"
    "http://www.w3.org/TR/xhtml1/DTD/xhtml1-transitional.dtd">
<html xmlns="http://www.w3.org/1999/xhtml" xml:lang="en" lang="en">
 <head>
  <title>
</title>
<meta http-equiv="Content-Type" content="text/html;charset=utf-8" />
  <meta name='ocr-system' content='tesseract 3.04.00' />
  <meta name='ocr-capabilities' content='ocr_page ocr_carea ocr_par ocr_line ocrx_word'/>
</head>
<body>
  <div class='ocr_page' id='page_1' title='image "./ivrisprvdentiae00kbgoog/ivrisprvdentiae00kbgoog_0089.png"; bbox 0 0 2650 3917; ppageno 0'>
   <div class='ocr_carea' id='block_1_1' title="bbox 920 142 2283 210">
    <p class='ocr_par' dir='ltr' id='par_1_1' title="bbox 920 142 2283 210">
     <span class='ocr_line' id='line_1_1' title="bbox 920 142 2283 210; baseline 0.002 -12"><span class='ocrx_word' id='word_1_1' title='bbox 920 142 1242 199; x_wconf 78' lang='lat' dir='ltr'>GRANIVS</span> <span class='ocrx_word' id='word_1_2' title='bbox 1278 143 1612 200; x_wconf 83' lang='lat' dir='ltr'><strong>FLACCVS.</strong></span> <span class='ocrx_word' id='word_1_3' title='bbox 2197 147 2283 210; x_wconf 79' lang='lat'><strong>53</strong></span> 
     </span>
    </p>
   </div>
   <div class='ocr_carea' id='block_1_2' title="bbox 857 412 1684 480">
    <p class='ocr_par' dir='ltr' id='par_1_2' title="bbox 857 412 1684 480">
     <span class='ocr_line' id='line_1_2' title="bbox 857 412 1684 480; baseline 0.002 -2"><span class='ocrx_word' id='word_1_4' title='bbox 857 412 1247 480; x_wconf 83' lang='lat' dir='ltr'>GRANIVS</span> <span class='ocrx_word' id='word_1_5' title='bbox 1292 412 1684 480; x_wconf 78' lang='lat' dir='ltr'><strong>FLAOGVS</strong></span> 
     </span>
    </p>
   </div>
   <div class='ocr_carea' id='block_1_3' title="bbox 975 519 1570 589">
    <p class='ocr_par' dir='ltr' id='par_1_3' title="bbox 975 519 1570 589">
     <span class='ocr_line' id='line_1_3' title="bbox 975 519 1570 589; baseline 0 -16"><span class='ocrx_word' id='word_1_6' title='bbox 975 519 1249 589; x_wconf 87' lang='lat' dir='ltr'><strong>(eiusdem</strong></span> <span class='ocrx_word' id='word_1_7' title='bbox 1286 519 1530 588; x_wconf 70' lang='lat' dir='ltr'><strong>aetatis).</strong></span> <span class='ocrx_word' id='word_1_8' title='bbox 1551 519 1570 549; x_wconf 89' lang='lat'>¹</span> 
     </span>
    </p>
   </div>
   <div class='ocr_carea' id='block_1_4' title="bbox 818 643 1707 699">
    <p class='ocr_par' dir='ltr' id='par_1_4' title="bbox 818 643 1707 699">
     <span class='ocr_line' id='line_1_4' title="bbox 818 643 1707 699; baseline 0.001 -3"><span class='ocrx_word' id='word_1_9' title='bbox 818 643 941 697; x_wconf 83' lang='lat' dir='ltr'><strong>DE</strong></span> <span class='ocrx_word' id='word_1_10' title='bbox 977 645 1078 698; x_wconf 92' lang='lat' dir='ltr'><strong>IN</strong></span> <span class='ocrx_word' id='word_1_11' title='bbox 1074 643 1175 697; x_wconf 92' lang='lat' dir='ltr'><strong>DI</strong></span> <span class='ocrx_word' id='word_1_12' title='bbox 1176 644 1268 697; x_wconf 68' lang='grc' dir='ltr'><strong>ΘΙ</strong></span> <span class='ocrx_word' id='word_1_13' title='bbox 1270 644 1369 698; x_wconf 80' lang='grc' dir='ltr'><strong>ΤΑ</strong></span> <span class='ocrx_word' id='word_1_14' title='bbox 1376 645 1449 697; x_wconf 88' lang='grc' dir='ltr'><em>Μ</em></span> <span class='ocrx_word' id='word_1_15' title='bbox 1450 645 1572 698; x_wconf 88' lang='grc' dir='ltr'><strong>ΕΝ</strong></span> <span class='ocrx_word' id='word_1_16' title='bbox 1575 644 1707 699; x_wconf 76' lang='lat' dir='ltr'><strong>TIS.</strong></span> 
     </span>
    </p>
   </div>
   <div class='ocr_carea' id='block_1_5' title="bbox 245 751 2281 926">
    <p class='ocr_par' dir='ltr' id='par_1_5' title="bbox 245 751 2281 926">
     <span class='ocr_line' id='line_1_5' title="bbox 379 751 2281 821; baseline 0.002 -5"><span class='ocrx_word' id='word_1_17' title='bbox 379 753 430 817; x_wconf 87' lang='lat'><strong>1.</strong></span> <span class='ocrx_word' id='word_1_18' title='bbox 475 751 774 818; x_wconf 84' lang='lat' dir='ltr'><strong>Eundem</strong></span> <span class='ocrx_word' id='word_1_19' title='bbox 840 775 975 818; x_wconf 92' lang='lat' dir='ltr'><strong>esse</strong></span> <span class='ocrx_word' id='word_1_20' title='bbox 1033 751 1309 818; x_wconf 82' lang='lat' dir='ltr'><strong>Genium</strong></span> <span class='ocrx_word' id='word_1_21' title='bbox 1367 757 1431 817; x_wconf 77' lang='lat' dir='ltr'><strong>et</strong></span> <span class='ocrx_word' id='word_1_22' title='bbox 1486 753 1713 818; x_wconf 83' lang='lat' dir='ltr'>Larem</span> <span class='ocrx_word' id='word_1_23' title='bbox 1777 755 1968 820; x_wconf 78' lang='lat' dir='ltr'><strong>multi</strong></span> <span class='ocrx_word' id='word_1_24' title='bbox 2032 761 2281 821; x_wconf 71' lang='lat' dir='ltr'><strong>ueteres</strong></span> 
     </span>
     <span class='ocr_line' id='line_1_6' title="bbox 245 841 2281 926; baseline 0.002 -21"><span class='ocrx_word' id='word_1_25' title='bbox 245 841 591 907; x_wconf 84' lang='lat' dir='ltr'><strong>memoriae</strong></span> <span class='ocrx_word' id='word_1_26' title='bbox 635 842 1075 926; x_wconf 73' lang='lat' dir='ltr'><strong>prodiderunt,</strong></span> <span class='ocrx_word' id='word_1_27' title='bbox 1125 843 1195 906; x_wconf 91' lang='lat' dir='ltr'><strong>in</strong></span> <span class='ocrx_word' id='word_1_28' title='bbox 1242 842 1388 925; x_wconf 89' lang='lat' dir='ltr'><strong>quis</strong></span> <span class='ocrx_word' id='word_1_29' title='bbox 1446 843 1640 906; x_wconf 71' lang='lat' dir='ltr'><strong>etiam</strong></span> <span class='ocrx_word' id='word_1_30' title='bbox 1691 842 1968 909; x_wconf 79' lang='lat' dir='ltr'><strong>Granius</strong></span> <span class='ocrx_word' id='word_1_31' title='bbox 2013 844 2281 909; x_wconf 82' lang='lat' dir='ltr'><strong>Flaccus</strong></span> 
     </span>
    </p>
   </div>
   <div class='ocr_carea' id='block_1_6' title="bbox 455 969 674 973">
    <p class='ocr_par' dir='ltr' id='par_1_6' title="bbox 455 969 674 973">
     <span class='ocr_line' id='line_1_7' title="bbox 455 969 674 973; baseline 0 0"><span class='ocrx_word' id='word_1_32' title='bbox 455 969 674 973; x_wconf 95' lang='lat' dir='ltr'><strong> </strong></span> 
     </span>
    </p>
   </div>
   <div class='ocr_carea' id='block_1_7' title="bbox 235 1035 2285 2462">
    <p class='ocr_par' dir='ltr' id='par_1_7' title="bbox 235 1035 2285 2462">
     <span class='ocr_line' id='line_1_8' title="bbox 388 1035 2285 1103; baseline 0.003 -17"><span class='ocrx_word' id='word_1_33' title='bbox 388 1036 438 1102; x_wconf 91' lang='lat'><strong>1)</strong></span> <span class='ocrx_word' id='word_1_34' title='bbox 479 1035 620 1089; x_wconf 68' lang='lat' dir='ltr'><strong>duos</strong></span> <span class='ocrx_word' id='word_1_35' title='bbox 654 1036 951 1090; x_wconf 88' lang='lat' dir='ltr'><strong>statuimus</strong></span> <span class='ocrx_word' id='word_1_36' title='bbox 992 1036 1253 1101; x_wconf 73' lang='lat' dir='ltr'><strong>GraniOS,</strong></span> <span class='ocrx_word' id='word_1_37' title='bbox 1292 1035 1559 1089; x_wconf 80' lang='lat' dir='ltr'><strong>Flaccum</strong></span> <span class='ocrx_word' id='word_1_38' title='bbox 1596 1036 1846 1103; x_wconf 89' lang='lat' dir='ltr'><strong>alterum,</strong></span> <span class='ocrx_word' id='word_1_39' title='bbox 1875 1037 2109 1101; x_wconf 88' lang='lat' dir='ltr'><strong>alterum</strong></span> <span class='ocrx_word' id='word_1_40' title='bbox 2130 1038 2285 1092; x_wconf 88' lang='lat' dir='ltr'><strong>Lici—</strong></span> 
     </span>
     <span class='ocr_line' id='line_1_9' title="bbox 244 1107 2280 1178; baseline 0.002 -20"><span class='ocrx_word' id='word_1_41' title='bbox 244 1107 496 1161; x_wconf 88' lang='lat' dir='ltr'><strong>nianum.</strong></span> <span class='ocrx_word' id='word_1_42' title='bbox 546 1107 615 1173; x_wconf 82' lang='lat' dir='ltr'><strong>cf.</strong></span> <span class='ocrx_word' id='word_1_43' title='bbox 658 1108 963 1161; x_wconf 75' lang='lat' dir='ltr'><strong>Mommsen</strong></span> <span class='ocrx_word' id='word_1_44' title='bbox 999 1107 1184 1177; x_wconf 81' lang='lat' dir='ltr'><strong>praef.</strong></span> <span class='ocrx_word' id='word_1_45' title='bbox 1225 1108 1299 1160; x_wconf 90' lang='lat' dir='ltr'><strong>ad</strong></span> <span class='ocrx_word' id='word_1_46' title='bbox 1329 1107 1511 1162; x_wconf 81' lang='lat' dir='ltr'><strong>Solini</strong></span> <span class='ocrx_word' id='word_1_47' title='bbox 1544 1107 1834 1161; x_wconf 77' lang='lat' dir='ltr'><strong>editionem</strong></span> <span class='ocrx_word' id='word_1_48' title='bbox 1867 1117 1966 1162; x_wconf 86' lang='lat' dir='ltr'><strong>sec.</strong></span> <span class='ocrx_word' id='word_1_49' title='bbox 1995 1125 2056 1178; x_wconf 88' lang='lat' dir='ltr'><strong>p.</strong></span> <span class='ocrx_word' id='word_1_50' title='bbox 2087 1108 2280 1163; x_wconf 91' lang='lat' dir='ltr'>XXIII.</span> 
     </span>
     <span class='ocr_line' id='line_1_10' title="bbox 244 1178 2281 1250; baseline 0.001 -18"><span class='ocrx_word' id='word_1_51' title='bbox 244 1208 312 1217; x_wconf 90' lang='lat'><em>-</em></span> <span class='ocrx_word' id='word_1_52' title='bbox 353 1178 609 1232; x_wconf 75' lang='lat' dir='ltr'><strong>‘ceterum</strong></span> <span class='ocrx_word' id='word_1_53' title='bbox 636 1180 700 1233; x_wconf 89' lang='lat' dir='ltr'><strong>in</strong></span> <span class='ocrx_word' id='word_1_54' title='bbox 726 1179 825 1233; x_wconf 90' lang='lat' dir='ltr'><strong>hoc</strong></span> <span class='ocrx_word' id='word_1_55' title='bbox 849 1179 1014 1245; x_wconf 74' lang='lat' dir='ltr'><strong>finem</strong></span> <span class='ocrx_word' id='word_1_56' title='bbox 1048 1180 1226 1246; x_wconf 82' lang='lat' dir='ltr'><strong>facere</strong></span> <span class='ocrx_word' id='word_1_57' title='bbox 1252 1179 1475 1247; x_wconf 76' lang='lat' dir='ltr'><strong>placuit</strong></span> <span class='ocrx_word' id='word_1_58' title='bbox 1510 1194 1710 1243; x_wconf 85' lang='lat' dir='ltr'><strong>eorum,</strong></span> <span class='ocrx_word' id='word_1_59' title='bbox 1748 1181 1847 1247; x_wconf 79' lang='lat' dir='ltr'><strong>qui</strong></span> <span class='ocrx_word' id='word_1_60' title='bbox 1881 1180 2053 1234; x_wconf 88' lang='lat' dir='ltr'><strong>libera</strong></span> <span class='ocrx_word' id='word_1_61' title='bbox 2088 1197 2146 1234; x_wconf 90' lang='lat' dir='ltr'><strong>re</strong></span> <span class='ocrx_word' id='word_1_62' title='bbox 2168 1198 2281 1250; x_wconf 89' lang='lat' dir='ltr'><strong>pu-</strong></span> 
     </span>
     <span class='ocr_line' id='line_1_11' title="bbox 243 1249 2276 1319; baseline 0.001 -16"><span class='ocrx_word' id='word_1_63' title='bbox 243 1249 386 1305; x_wconf 83' lang='lat' dir='ltr'><strong>blica</strong></span> <span class='ocrx_word' id='word_1_64' title='bbox 430 1251 783 1319; x_wconf 83' lang='lat' dir='ltr'><strong>scripserwnt.</strong></span> <span class='ocrx_word' id='word_1_65' title='bbox 859 1266 926 1303; x_wconf 78' lang='lat' dir='ltr'><strong>ex</strong></span> <span class='ocrx_word' id='word_1_66' title='bbox 962 1251 1160 1318; x_wconf 77' lang='lat' dir='ltr'><strong>quibus</strong></span> <span class='ocrx_word' id='word_1_67' title='bbox 1194 1251 1247 1303; x_wconf 89' lang='lat' dir='ltr'><strong>si</strong></span> <span class='ocrx_word' id='word_1_68' title='bbox 1281 1249 1544 1317; x_wconf 78' lang='lat' dir='ltr'><strong>quosdam</strong></span> <span class='ocrx_word' id='word_1_69' title='bbox 1591 1251 1768 1315; x_wconf 90' lang='lat' dir='ltr'><strong>omisi,</strong></span> <span class='ocrx_word' id='word_1_70' title='bbox 1805 1267 1938 1317; x_wconf 79' lang='lat' dir='ltr'><strong>quos</strong></span> <span class='ocrx_word' id='word_1_71' title='bbox 1984 1252 2107 1319; x_wconf 78' lang='lat' dir='ltr'><strong>quis</strong></span> <span class='ocrx_word' id='word_1_72' title='bbox 2144 1252 2276 1306; x_wconf 87' lang='lat' dir='ltr'><strong>desi·</strong></span> 
     </span>
     <span class='ocr_line' id='line_1_12' title="bbox 242 1320 2283 1390; baseline 0.001 -15"><span class='ocrx_word' id='word_1_73' title='bbox 242 1320 531 1386; x_wconf 81' lang='lat' dir='ltr'><strong>deraverit,</strong></span> <span class='ocrx_word' id='word_1_74' title='bbox 567 1321 631 1374; x_wconf 91' lang='lat' dir='ltr'><strong>id</strong></span> <span class='ocrx_word' id='word_1_75' title='bbox 667 1337 732 1375; x_wconf 91' lang='lat' dir='ltr'><strong>ea</strong></span> <span class='ocrx_word' id='word_1_76' title='bbox 767 1322 1005 1374; x_wconf 76' lang='lat' dir='ltr'><strong>maxime</strong></span> <span class='ocrx_word' id='word_1_77' title='bbox 1041 1322 1106 1374; x_wconf 92' lang='lat' dir='ltr'><strong>de</strong></span> <span class='ocrx_word' id='word_1_78' title='bbox 1142 1338 1312 1376; x_wconf 88' lang='lat' dir='ltr'><strong>causa</strong></span> <span class='ocrx_word' id='word_1_79' title='bbox 1357 1324 1567 1386; x_wconf 75' lang='lat' dir='ltr'><strong>factum</strong></span> <span class='ocrx_word' id='word_1_80' title='bbox 1604 1327 1696 1387; x_wconf 89' lang='lat' dir='ltr'><strong>est,</strong></span> <span class='ocrx_word' id='word_1_81' title='bbox 1735 1322 1878 1390; x_wconf 78' lang='lat' dir='ltr'><strong>quod</strong></span> <span class='ocrx_word' id='word_1_82' title='bbox 1915 1339 2055 1390; x_wconf 81' lang='lat' dir='ltr'><strong>quae</strong></span> <span class='ocrx_word' id='word_1_83' title='bbox 2099 1339 2283 1377; x_wconf 87' lang='lat' dir='ltr'><strong>eorum</strong></span> 
     </span>
     <span class='ocr_line' id='line_1_13' title="bbox 239 1393 2283 1462; baseline 0.002 -17"><span class='ocrx_word' id='word_1_84' title='bbox 239 1394 546 1462; x_wconf 78' lang='lat' dir='ltr'><strong>reciperem,</strong></span> <span class='ocrx_word' id='word_1_85' title='bbox 582 1393 821 1447; x_wconf 86' lang='lat' dir='ltr'><strong>incertus</strong></span> <span class='ocrx_word' id='word_1_86' title='bbox 857 1393 1210 1446; x_wconf 71' lang='lat' dir='ltr'><strong>haesitabam.</strong></span> <span class='ocrx_word' id='word_1_87' title='bbox 1284 1394 1350 1446; x_wconf 87' lang='lat' dir='ltr'><strong>in</strong></span> <span class='ocrx_word' id='word_1_88' title='bbox 1403 1393 1491 1445; x_wconf 88' lang='lat' dir='ltr'><strong>his</strong></span> <span class='ocrx_word' id='word_1_89' title='bbox 1524 1394 1863 1462; x_wconf 71' lang='lat' dir='ltr'><strong>praeprimis</strong></span> <span class='ocrx_word' id='word_1_90' title='bbox 1907 1395 2283 1449; x_wconf 85' lang='lat' dir='ltr'><strong>numerandus</strong></span> 
     </span>
     <span class='ocr_line' id='line_1_14' title="bbox 240 1463 2284 1533; baseline 0.001 -15"><span class='ocrx_word' id='word_1_91' title='bbox 240 1471 318 1518; x_wconf 84' lang='lat' dir='ltr'><strong>est</strong></span> <span class='ocrx_word' id='word_1_92' title='bbox 354 1465 441 1518; x_wconf 84' lang='lat' dir='ltr'><strong>M.</strong></span> <span class='ocrx_word' id='word_1_93' title='bbox 491 1464 845 1518; x_wconf 74' lang='lat' dir='ltr'><strong>Terentius</strong></span> <span class='ocrx_word' id='word_1_94' title='bbox 884 1463 1121 1530; x_wconf 88' lang='lat' dir='ltr'><strong>Varr0,</strong></span> <span class='ocrx_word' id='word_1_95' title='bbox 1160 1464 1503 1518; x_wconf 88' lang='lat' dir='ltr'><strong>doctissimus</strong></span> <span class='ocrx_word' id='word_1_96' title='bbox 1530 1464 1927 1530; x_wconf 86' lang='lat' dir='ltr'><strong>Romanorum,</strong></span> <span class='ocrx_word' id='word_1_97' title='bbox 1964 1467 2063 1533; x_wconf 78' lang='lat' dir='ltr'><strong>qui</strong></span> <span class='ocrx_word' id='word_1_98' title='bbox 2095 1467 2284 1520; x_wconf 86' lang='lat' dir='ltr'><strong>multis</strong></span> 
     </span>
     <span class='ocr_line' id='line_1_15' title="bbox 240 1535 2284 1604; baseline 0.001 -15"><span class='ocrx_word' id='word_1_99' title='bbox 240 1535 461 1603; x_wconf 78' lang='lat' dir='ltr'><strong>quidem</strong></span> <span class='ocrx_word' id='word_1_100' title='bbox 487 1535 753 1604; x_wconf 74' lang='lat' dir='ltr'><strong>partibus</strong></span> <span class='ocrx_word' id='word_1_101' title='bbox 788 1536 954 1589; x_wconf 90' lang='lat' dir='ltr'><strong>etiam</strong></span> <span class='ocrx_word' id='word_1_102' title='bbox 990 1535 1080 1588; x_wconf 88' lang='lat' dir='ltr'><strong>ius</strong></span> <span class='ocrx_word' id='word_1_103' title='bbox 1116 1535 1368 1589; x_wconf 84' lang='lat' dir='ltr'><strong>divinum</strong></span> <span class='ocrx_word' id='word_1_104' title='bbox 1403 1535 1529 1588; x_wconf 88' lang='lat' dir='ltr'><strong>hum</strong></span> <span class='ocrx_word' id='word_1_105' title='bbox 1536 1551 1810 1603; x_wconf 78' lang='lat' dir='ltr'><strong>anumque</strong></span> <span class='ocrx_word' id='word_1_106' title='bbox 1836 1536 2155 1603; x_wconf 82' lang='lat' dir='ltr'><strong>illustravit,</strong></span> <span class='ocrx_word' id='word_1_107' title='bbox 2189 1538 2284 1593; x_wconf 91' lang='lat' dir='ltr'><strong>sed</strong></span> 
     </span>
     <span class='ocr_line' id='line_1_16' title="bbox 240 1606 2279 1677; baseline 0 -17"><span class='ocrx_word' id='word_1_108' title='bbox 240 1614 424 1661; x_wconf 88' lang='lat' dir='ltr'><strong>tamen</strong></span> <span class='ocrx_word' id='word_1_109' title='bbox 459 1608 642 1676; x_wconf 73' lang='lat' dir='ltr'><strong>mayis</strong></span> <span class='ocrx_word' id='word_1_110' title='bbox 669 1606 1060 1676; x_wconf 77' lang='lat' dir='ltr'><strong>polyhistorem</strong></span> <span class='ocrx_word' id='word_1_111' title='bbox 1097 1622 1262 1674; x_wconf 81' lang='lat' dir='ltr'><strong>quam</strong></span> <span class='ocrx_word' id='word_1_112' title='bbox 1299 1607 1443 1659; x_wconf 88' lang='lat' dir='ltr'><strong>iuris</strong></span> <span class='ocrx_word' id='word_1_113' title='bbox 1463 1608 1705 1674; x_wconf 88' lang='lat' dir='ltr'><strong>peritum</strong></span> <span class='ocrx_word' id='word_1_114' title='bbox 1733 1623 1918 1677; x_wconf 77' lang='lat' dir='ltr'><strong>ayens,</strong></span> <span class='ocrx_word' id='word_1_115' title='bbox 1946 1607 2012 1661; x_wconf 92' lang='lat' dir='ltr'><strong>de</strong></span> <span class='ocrx_word' id='word_1_116' title='bbox 2039 1625 2144 1675; x_wconf 79' lang='lat' dir='ltr'><strong>quo</strong></span> <span class='ocrx_word' id='word_1_117' title='bbox 2171 1609 2279 1663; x_wconf 79' lang='lat' dir='ltr'><strong>vid.</strong></span> 
     </span>
     <span class='ocr_line' id='line_1_17' title="bbox 241 1674 2278 1746; baseline 0.001 -15"><span class='ocrx_word' id='word_1_118' title='bbox 241 1678 583 1746; x_wconf 76' lang='lat' dir='ltr'><strong>Bernhardy</strong></span> <span class='ocrx_word' id='word_1_119' title='bbox 620 1677 777 1732; x_wconf 66' lang='lat' dir='ltr'><strong>Rom.</strong></span> <span class='ocrx_word' id='word_1_120' title='bbox 795 1674 923 1732; x_wconf 74' lang='lat' dir='ltr'><strong>‘Lit</strong></span> <span class='ocrx_word' id='word_1_121' title='bbox 954 1678 1034 1732; x_wconf 90' lang='lat' dir='ltr'><strong>ed.</strong></span> <span class='ocrx_word' id='word_1_122' title='bbox 1074 1682 1106 1729; x_wconf 86' lang='lat'>5</span> <span class='ocrx_word' id='word_1_123' title='bbox 1135 1693 1195 1746; x_wconf 88' lang='lat' dir='ltr'><strong>p.</strong></span> <span class='ocrx_word' id='word_1_124' title='bbox 1228 1681 1350 1730; x_wconf 88' lang='grc'><strong>935.</strong></span> <span class='ocrx_word' id='word_1_125' title='bbox 1381 1681 1501 1729; x_wconf 81' lang='grc'><strong>970.</strong></span> <span class='ocrx_word' id='word_1_126' title='bbox 1552 1676 2083 1746; x_wconf 81' lang='lat' dir='ltr'><strong>[Teuffel-Schwabe,</strong></span> <span class='ocrx_word' id='word_1_127' title='bbox 2124 1680 2278 1734; x_wconf 78' lang='lat' dir='ltr'><strong>Rb‘m.</strong></span> 
     </span>
     <span class='ocr_line' id='line_1_18' title="bbox 241 1747 2283 1818; baseline 0 -14"><span class='ocrx_word' id='word_1_128' title='bbox 241 1749 728 1818; x_wconf 74' lang='lat' dir='ltr'><strong>Litteratmqesch.</strong></span> <span class='ocrx_word' id='word_1_129' title='bbox 767 1747 837 1814; x_wconf 77' lang='lat'><strong>1⁶,</strong></span> <span class='ocrx_word' id='word_1_130' title='bbox 878 1753 999 1802; x_wconf 84' lang='grc'><strong>296.</strong></span> <span class='ocrx_word' id='word_1_131' title='bbox 1056 1749 1248 1814; x_wconf 83' lang='lat' dir='ltr'><strong>Sanio,</strong></span> <span class='ocrx_word' id='word_1_132' title='bbox 1277 1748 1638 1802; x_wconf 88' lang='lat' dir='ltr'><strong>Varroniana</strong></span> <span class='ocrx_word' id='word_1_133' title='bbox 1664 1750 1727 1802; x_wconf 89' lang='lat' dir='ltr'><strong>in</strong></span> <span class='ocrx_word' id='word_1_134' title='bbox 1755 1749 1859 1802; x_wconf 89' lang='lat' dir='ltr'><strong>den</strong></span> <span class='ocrx_word' id='word_1_135' title='bbox 1888 1749 2160 1817; x_wconf 80' lang='lat' dir='ltr'><strong>Schriften</strong></span> <span class='ocrx_word' id='word_1_136' title='bbox 2187 1752 2283 1804; x_wconf 85' lang='lat' dir='ltr'><strong>der</strong></span> 
     </span>
     <span class='ocr_line' id='line_1_19' title="bbox 237 1821 2282 1891; baseline 0.001 -17"><span class='ocrx_word' id='word_1_137' title='bbox 237 1821 544 1875; x_wconf 79' lang='lat' dir='ltr'><strong>rb&#39;mischen</strong></span> <span class='ocrx_word' id='word_1_138' title='bbox 580 1821 849 1885; x_wconf 87' lang='lat' dir='ltr'><strong>Juristen,</strong></span> <span class='ocrx_word' id='word_1_139' title='bbox 880 1821 1112 1890; x_wconf 75' lang='lat' dir='ltr'><strong>Leipziy</strong></span> <span class='ocrx_word' id='word_1_140' title='bbox 1147 1824 1303 1885; x_wconf 81' lang='grc'>1867,</span> <span class='ocrx_word' id='word_1_141' title='bbox 1331 1837 1392 1888; x_wconf 90' lang='lat' dir='ltr'><strong>p.</strong></span> <span class='ocrx_word' id='word_1_142' title='bbox 1422 1823 1540 1873; x_wconf 87' lang='lat'>134.</span> <span class='ocrx_word' id='word_1_143' title='bbox 1563 1824 1681 1872; x_wconf 86' lang='grc'>211.</span> <span class='ocrx_word' id='word_1_144' title='bbox 1741 1821 1970 1888; x_wconf 85' lang='lat' dir='ltr'><strong>Ritschl,</strong></span> <span class='ocrx_word' id='word_1_145' title='bbox 2005 1821 2282 1891; x_wconf 87' lang='lat' dir='ltr'><strong>Opuscula</strong></span> 
     </span>
     <span class='ocr_line' id='line_1_20' title="bbox 236 1889 2282 1962; baseline 0.002 -19"><span class='ocrx_word' id='word_1_146' title='bbox 236 1891 330 1957; x_wconf 86' lang='lat' dir='ltr'><strong>III,</strong></span> <span class='ocrx_word' id='word_1_147' title='bbox 352 1896 478 1944; x_wconf 87' lang='grc'><strong>444.</strong></span> <span class='ocrx_word' id='word_1_148' title='bbox 542 1891 771 1945; x_wconf 89' lang='lat' dir='ltr'><strong>Bremer</strong></span> <span class='ocrx_word' id='word_1_149' title='bbox 796 1891 1039 1960; x_wconf 85' lang='lat' dir='ltr'><strong>Jwrispr.</strong></span> <span class='ocrx_word' id='word_1_150' title='bbox 1063 1891 1367 1945; x_wconf 83' lang='lat' dir='ltr'><strong>Antehadr.</strong></span> <span class='ocrx_word' id='word_1_151' title='bbox 1390 1889 1433 1958; x_wconf 89' lang='grc' dir='ltr'><strong>Ι,</strong></span> <span class='ocrx_word' id='word_1_152' title='bbox 1457 1891 1598 1962; x_wconf 88' lang='grc'>122].</span> <span class='ocrx_word' id='word_1_153' title='bbox 1638 1892 1780 1945; x_wconf 84' lang='lat' dir='ltr'><strong>idem</strong></span> <span class='ocrx_word' id='word_1_154' title='bbox 1807 1893 1959 1946; x_wconf 88' lang='lat' dir='ltr'><strong>cadit</strong></span> <span class='ocrx_word' id='word_1_155' title='bbox 1985 1895 2048 1947; x_wconf 92' lang='lat' dir='ltr'><strong>in</strong></span> <span class='ocrx_word' id='word_1_156' title='bbox 2069 1894 2135 1947; x_wconf 87' lang='lat' dir='ltr'><strong>P.</strong></span> <span class='ocrx_word' id='word_1_157' title='bbox 2156 1894 2223 1947; x_wconf 92' lang='lat' dir='ltr'><em>N</em></span> <span class='ocrx_word' id='word_1_158' title='bbox 2226 1896 2250 1947; x_wconf 90' lang='lat' dir='ltr'><strong>i</strong></span> <span class='ocrx_word' id='word_1_159' title='bbox 2257 1924 2282 1933; x_wconf 91' lang='lat'><em>-</em></span> 
     </span>
     <span class='ocr_line' id='line_1_21' title="bbox 235 1961 2283 2034; baseline 0 -17"><span class='ocrx_word' id='word_1_160' title='bbox 235 1963 500 2033; x_wconf 62' lang='lat' dir='ltr'><strong>gidium</strong></span> <span class='ocrx_word' id='word_1_161' title='bbox 546 1961 895 2033; x_wconf 74' lang='lat' dir='ltr'><strong>Fiqulum,</strong></span> <span class='ocrx_word' id='word_1_162' title='bbox 934 1964 1093 2016; x_wconf 89' lang='lat' dir='ltr'><strong>cuius</strong></span> <span class='ocrx_word' id='word_1_163' title='bbox 1121 1964 1186 2016; x_wconf 89' lang='lat' dir='ltr'><strong>de</strong></span> <span class='ocrx_word' id='word_1_164' title='bbox 1220 1963 1423 2016; x_wconf 88' lang='lat' dir='ltr'><strong>studiis</strong></span> <span class='ocrx_word' id='word_1_165' title='bbox 1451 1969 1501 2016; x_wconf 91' lang='lat' dir='ltr'><strong>et</strong></span> <span class='ocrx_word' id='word_1_166' title='bbox 1536 1964 1789 2032; x_wconf 80' lang='lat' dir='ltr'><strong>operibus</strong></span> <span class='ocrx_word' id='word_1_167' title='bbox 1825 1981 1942 2034; x_wconf 74' lang='lat' dir='ltr'><strong>eqre</strong></span> <span class='ocrx_word' id='word_1_168' title='bbox 1979 1964 2029 2017; x_wconf 89' lang='lat' dir='ltr'><strong>ie</strong></span> <span class='ocrx_word' id='word_1_169' title='bbox 2064 1966 2283 2034; x_wconf 75' lang='lat' dir='ltr'><strong>scripsit</strong></span> 
     </span>
     <span class='ocr_line' id='line_1_22' title="bbox 242 1981 2279 2106; baseline 0.001 -18"><span class='ocrx_word' id='word_1_170' title='bbox 242 2036 326 2088; x_wconf 89' lang='grc' dir='ltr'><strong>Μ.</strong></span> <span class='ocrx_word' id='word_1_171' title='bbox 368 2035 547 2088; x_wconf 80' lang='lat' dir='ltr'><strong>Hertz</strong></span> <span class='ocrx_word' id='word_1_172' title='bbox 592 2033 776 2087; x_wconf 89' lang='lat' dir='ltr'><strong>Berol.</strong></span> <span class='ocrx_word' id='word_1_173' title='bbox 820 2037 973 2087; x_wconf 83' lang='lat'><strong>1845.</strong></span> <span class='ocrx_word' id='word_1_174' title='bbox 1032 2033 1123 2104; x_wconf 78' lang='lat' dir='ltr'><strong>[cf.</strong></span> <span class='ocrx_word' id='word_1_175' title='bbox 1164 2034 1454 2088; x_wconf 86' lang='lat' dir='ltr'><strong>editionem</strong></span> <span class='ocrx_word' id='word_1_176' title='bbox 1490 2034 1798 2101; x_wconf 86' lang='lat' dir='ltr'><strong>Swobodae‚</strong></span> <span class='ocrx_word' id='word_1_177' title='bbox 1828 2035 1893 2088; x_wconf 90' lang='lat' dir='ltr'><strong>P.</strong></span> <span class='ocrx_word' id='word_1_178' title='bbox 1927 1981 2154 2106; x_wconf 51' lang='lat' dir='ltr'><strong>Iz‘iqidii</strong></span> <span class='ocrx_word' id='word_1_179' title='bbox 2178 2037 2279 2090; x_wconf 88' lang='lat' dir='ltr'><strong>Fi-</strong></span> 
     </span>
     <span class='ocr_line' id='line_1_23' title="bbox 235 2105 2280 2176; baseline 0.001 -16"><span class='ocrx_word' id='word_1_180' title='bbox 235 2106 356 2176; x_wconf 78' lang='lat' dir='ltr'><strong>9uli</strong></span> <span class='ocrx_word' id='word_1_181' title='bbox 389 2106 678 2173; x_wconf 78' lang='lat' dir='ltr'><strong>reliquiae,</strong></span> <span class='ocrx_word' id='word_1_182' title='bbox 706 2105 937 2159; x_wconf 86' lang='lat' dir='ltr'><strong>Vindob.</strong></span> <span class='ocrx_word' id='word_1_183' title='bbox 970 2105 1150 2176; x_wconf 88' lang='grc'>1889].</span> <span class='ocrx_word' id='word_1_184' title='bbox 1180 2106 1452 2174; x_wconf 86' lang='lat' dir='ltr'><strong>praeterii</strong></span> <span class='ocrx_word' id='word_1_185' title='bbox 1487 2108 1651 2159; x_wconf 90' lang='lat' dir='ltr'><strong>etiam</strong></span> <span class='ocrx_word' id='word_1_186' title='bbox 1681 2107 1764 2160; x_wconf 87' lang='lat' dir='ltr'><strong>M.</strong></span> <span class='ocrx_word' id='word_1_187' title='bbox 1798 2106 2118 2161; x_wconf 84' lang='lat' dir='ltr'><strong>Fulvium</strong></span> <span class='ocrx_word' id='word_1_188' title='bbox 2143 2108 2280 2162; x_wconf 89' lang='lat' dir='ltr'><strong>No-</strong></span> 
     </span>
     <span class='ocr_line' id='line_1_24' title="bbox 239 2177 2279 2247; baseline 0.002 -17"><span class='ocrx_word' id='word_1_189' title='bbox 239 2177 305 2231; x_wconf 90' lang='lat' dir='ltr'><strong>bi</strong></span> <span class='ocrx_word' id='word_1_190' title='bbox 311 2177 553 2232; x_wconf 87' lang='lat' dir='ltr'><strong>liorem</strong></span> <span class='ocrx_word' id='word_1_191' title='bbox 588 2183 641 2231; x_wconf 90' lang='lat' dir='ltr'><strong>et</strong></span> <span class='ocrx_word' id='word_1_192' title='bbox 675 2178 774 2244; x_wconf 78' lang='lat' dir='ltr'><strong>qui</strong></span> <span class='ocrx_word' id='word_1_193' title='bbox 807 2193 929 2230; x_wconf 85' lang='lat' dir='ltr'><strong>eum</strong></span> <span class='ocrx_word' id='word_1_194' title='bbox 965 2178 1201 2230; x_wconf 86' lang='lat' dir='ltr'><strong>insecuti</strong></span> <span class='ocrx_word' id='word_1_195' title='bbox 1232 2183 1380 2242; x_wconf 89' lang='lat' dir='ltr'><strong>sunt,</strong></span> <span class='ocrx_word' id='word_1_196' title='bbox 1418 2183 1636 2230; x_wconf 84' lang='lat' dir='ltr'><strong>tantwm</strong></span> <span class='ocrx_word' id='word_1_197' title='bbox 1671 2180 1942 2242; x_wconf 75' lang='lat' dir='ltr'><strong>fastorum</strong></span> <span class='ocrx_word' id='word_1_198' title='bbox 1976 2180 2279 2247; x_wconf 81' lang='lat' dir='ltr'><strong>scriptores,</strong></span> 
     </span>
     <span class='ocr_line' id='line_1_25' title="bbox 245 2247 2280 2319; baseline 0.001 -17"><span class='ocrx_word' id='word_1_199' title='bbox 245 2249 685 2317; x_wconf 80' lang='lat' dir='ltr'><strong>Tarquitium</strong></span> <span class='ocrx_word' id='word_1_200' title='bbox 740 2248 1049 2303; x_wconf 89' lang='lat' dir='ltr'><strong>Priscum</strong></span> <span class='ocrx_word' id='word_1_201' title='bbox 1104 2248 1349 2316; x_wconf 77' lang='lat' dir='ltr'><strong>aliosque</strong></span> <span class='ocrx_word' id='word_1_202' title='bbox 1385 2248 1449 2301; x_wconf 90' lang='lat' dir='ltr'><strong>de</strong></span> <span class='ocrx_word' id='word_1_203' title='bbox 1494 2247 1795 2317; x_wconf 80' lang='lat' dir='ltr'><strong>disciplina</strong></span> <span class='ocrx_word' id='word_1_204' title='bbox 1830 2250 2075 2303; x_wconf 88' lang='lat' dir='ltr'><strong>Etrusca</strong></span> <span class='ocrx_word' id='word_1_205' title='bbox 2109 2253 2280 2319; x_wconf 87' lang='lat' dir='ltr'><strong>scrip-</strong></span> 
     </span>
     <span class='ocr_line' id='line_1_26' title="bbox 236 2319 2281 2389; baseline 0.001 -16"><span class='ocrx_word' id='word_1_206' title='bbox 236 2326 376 2375; x_wconf 83' lang='lat' dir='ltr'><strong>tores</strong></span> <span class='ocrx_word' id='word_1_207' title='bbox 412 2319 773 2389; x_wconf 77' lang='lat' dir='ltr'><strong>(Bernhardy</strong></span> <span class='ocrx_word' id='word_1_208' title='bbox 811 2320 844 2372; x_wconf 91' lang='lat' dir='ltr'><strong>l.</strong></span> <span class='ocrx_word' id='word_1_209' title='bbox 875 2335 919 2373; x_wconf 90' lang='lat' dir='ltr'><strong>c.</strong></span> <span class='ocrx_word' id='word_1_210' title='bbox 949 2335 1012 2388; x_wconf 87' lang='lat' dir='ltr'><strong>p.</strong></span> <span class='ocrx_word' id='word_1_211' title='bbox 1044 2324 1161 2372; x_wconf 85' lang='grc'><strong>927.</strong></span> <span class='ocrx_word' id='word_1_212' title='bbox 1245 2319 1726 2384; x_wconf 83' lang='lat' dir='ltr'><strong>Teuffel-Schwabe</strong></span> <span class='ocrx_word' id='word_1_213' title='bbox 1764 2321 1797 2374; x_wconf 89' lang='lat' dir='ltr'><strong>l.</strong></span> <span class='ocrx_word' id='word_1_214' title='bbox 1829 2338 1872 2373; x_wconf 81' lang='lat' dir='ltr'><strong>e.</strong></span> <span class='ocrx_word' id='word_1_215' title='bbox 1902 2319 1943 2386; x_wconf 92' lang='grc' dir='ltr'><strong>Ι,</strong></span> <span class='ocrx_word' id='word_1_216' title='bbox 1974 2322 2098 2387; x_wconf 87' lang='grc'>265)</span> <span class='ocrx_word' id='word_1_217' title='bbox 2154 2324 2281 2376; x_wconf 87' lang='lat' dir='ltr'><strong>item</strong></span> 
     </span>
     <span class='ocr_line' id='line_1_27' title="bbox 237 2391 2279 2462; baseline 0.001 -17"><span class='ocrx_word' id='word_1_218' title='bbox 237 2392 642 2461; x_wconf 71' lang='lat' dir='ltr'><strong>yrammaticos,</strong></span> <span class='ocrx_word' id='word_1_219' title='bbox 671 2407 1005 2459; x_wconf 78' lang='lat' dir='ltr'><strong>quamquam</strong></span> <span class='ocrx_word' id='word_1_220' title='bbox 1031 2407 1099 2444; x_wconf 81' lang='lat' dir='ltr'><strong>ea·</strong></span> <span class='ocrx_word' id='word_1_221' title='bbox 1123 2391 1209 2444; x_wconf 89' lang='lat' dir='ltr'><strong>his</strong></span> <span class='ocrx_word' id='word_1_222' title='bbox 1245 2391 1474 2459; x_wconf 78' lang='lat' dir='ltr'><strong>quidam</strong></span> <span class='ocrx_word' id='word_1_223' title='bbox 1509 2392 1607 2445; x_wconf 88' lang='lat' dir='ltr'><strong>hoc</strong></span> <span class='ocrx_word' id='word_1_224' title='bbox 1643 2408 1772 2445; x_wconf 82' lang='lat' dir='ltr'><strong>aevo</strong></span> <span class='ocrx_word' id='word_1_225' title='bbox 1799 2393 1882 2445; x_wconf 84' lang='lat' dir='ltr'><strong>vel</strong></span> <span class='ocrx_word' id='word_1_226' title='bbox 1908 2394 2107 2460; x_wconf 85' lang='lat' dir='ltr'><strong>paullo</strong></span> <span class='ocrx_word' id='word_1_227' title='bbox 2136 2401 2279 2462; x_wconf 87' lang='lat' dir='ltr'><strong>post,</strong></span> 
     </span>
    </p>
   </div>
   <div class='ocr_carea' id='block_1_8' title="bbox 2338 871 2361 910">
    <p class='ocr_par' dir='ltr' id='par_1_8' title="bbox 2338 871 2361 910">
     <span class='ocr_line' id='line_1_28' title="bbox 2338 871 2361 910; baseline 0 0"><span class='ocrx_word' id='word_1_228' title='bbox 2338 871 2361 910; x_wconf 83' lang='lat'><strong>5</strong></span> 
     </span>
    </p>
   </div>
   <div class='ocr_carea' id='block_1_9' title="bbox 239 2461 2350 2528">
    <p class='ocr_par' dir='ltr' id='par_1_9' title="bbox 239 2461 2350 2528">
     <span class='ocr_line' id='line_1_29' title="bbox 239 2461 2350 2528; baseline 0.001 -11"><span class='ocrx_word' id='word_1_229' title='bbox 239 2464 382 2519; x_wconf 80' lang='lat' dir='ltr'><strong>velut</strong></span> <span class='ocrx_word' id='word_1_230' title='bbox 418 2464 664 2518; x_wconf 78' lang='lat' dir='ltr'><strong>Aelius</strong></span> <span class='ocrx_word' id='word_1_231' title='bbox 703 2462 902 2528; x_wconf 77' lang='lat' dir='ltr'><strong>Stilo,</strong></span> <span class='ocrx_word' id='word_1_232' title='bbox 951 2461 1231 2527; x_wconf 85' lang='lat' dir='ltr'><strong>Santra,</strong></span> <span class='ocrx_word' id='word_1_233' title='bbox 1280 2463 1558 2517; x_wconf 87' lang='lat' dir='ltr'><strong>Verrius</strong></span> <span class='ocrx_word' id='word_1_234' title='bbox 1601 2463 1922 2528; x_wconf 83' lang='lat' dir='ltr'><strong>Flaccus,</strong></span> <span class='ocrx_word' id='word_1_235' title='bbox 1973 2464 2281 2519; x_wconf 80' lang='lat' dir='ltr'><strong>Cloatius</strong></span> <span class='ocrx_word' id='word_1_236' title='bbox 2345 2474 2350 2479; x_wconf 81' lang='grc'><strong><em>’</em></strong></span> 
     </span>
    </p>
   </div>
   <div class='ocr_carea' id='block_1_10' title="bbox 234 2534 2282 2889">
    <p class='ocr_par' dir='ltr' id='par_1_10' title="bbox 234 2534 2282 2889">
     <span class='ocr_line' id='line_1_30' title="bbox 252 2534 2282 2603; baseline 0.001 -15"><span class='ocrx_word' id='word_1_237' title='bbox 252 2534 482 2601; x_wconf 83' lang='lat' dir='ltr'><strong>Verus,</strong></span> <span class='ocrx_word' id='word_1_238' title='bbox 512 2534 622 2588; x_wconf 91' lang='lat' dir='ltr'><strong>alii</strong></span> <span class='ocrx_word' id='word_1_239' title='bbox 649 2534 814 2588; x_wconf 88' lang='lat' dir='ltr'><strong>etiam</strong></span> <span class='ocrx_word' id='word_1_240' title='bbox 843 2534 982 2587; x_wconf 92' lang='lat' dir='ltr'><strong>XII</strong></span> <span class='ocrx_word' id='word_1_241' title='bbox 1011 2534 1216 2588; x_wconf 83' lang='lat' dir='ltr'><strong>tabulis</strong></span> <span class='ocrx_word' id='word_1_242' title='bbox 1246 2535 1478 2601; x_wconf 78' lang='lat' dir='ltr'><strong>aliisque</strong></span> <span class='ocrx_word' id='word_1_243' title='bbox 1504 2534 1649 2587; x_wconf 84' lang='lat' dir='ltr'><strong>iwris</strong></span> <span class='ocrx_word' id='word_1_244' title='bbox 1665 2534 2000 2602; x_wconf 76' lang='lat' dir='ltr'><strong>prudentiae</strong></span> <span class='ocrx_word' id='word_1_245' title='bbox 2034 2537 2282 2603; x_wconf 82' lang='lat' dir='ltr'><strong>fontibus</strong></span> 
     </span>
     <span class='ocr_line' id='line_1_31' title="bbox 239 2604 2282 2676; baseline 0.001 -17"><span class='ocrx_word' id='word_1_246' title='bbox 239 2607 511 2676; x_wconf 76' lang='lat' dir='ltr'><strong>insiynem</strong></span> <span class='ocrx_word' id='word_1_247' title='bbox 562 2621 783 2674; x_wconf 86' lang='lat' dir='ltr'><strong>operam</strong></span> <span class='ocrx_word' id='word_1_248' title='bbox 832 2606 1113 2659; x_wconf 88' lang='lat' dir='ltr'><strong>dederunt.</strong></span> <span class='ocrx_word' id='word_1_249' title='bbox 1188 2621 1285 2659; x_wconf 90' lang='lat' dir='ltr'><strong>nec</strong></span> <span class='ocrx_word' id='word_1_250' title='bbox 1335 2604 1389 2658; x_wconf 86' lang='grc' dir='ltr'><strong>Ο.</strong></span> <span class='ocrx_word' id='word_1_251' title='bbox 1429 2605 1690 2659; x_wconf 89' lang='lat' dir='ltr'><strong>Bassus</strong></span> <span class='ocrx_word' id='word_1_252' title='bbox 1745 2610 1775 2672; x_wconf 90' lang='lat'><em>(</em></span> <span class='ocrx_word' id='word_1_253' title='bbox 1774 2606 1988 2661; x_wconf 79' lang='lat' dir='ltr'><strong>Gavius</strong></span> <span class='ocrx_word' id='word_1_254' title='bbox 2045 2608 2162 2673; x_wconf 89' lang='lat' dir='ltr'><strong>ille,</strong></span> <span class='ocrx_word' id='word_1_255' title='bbox 2218 2615 2282 2662; x_wconf 89' lang='lat' dir='ltr'><strong>ut</strong></span> 
     </span>
     <span class='ocr_line' id='line_1_32' title="bbox 234 2676 2280 2747; baseline 0.001 -15"><span class='ocrx_word' id='word_1_256' title='bbox 234 2681 398 2745; x_wconf 78' lang='lat' dir='ltr'><strong>puto)</strong></span> <span class='ocrx_word' id='word_1_257' title='bbox 440 2678 506 2731; x_wconf 90' lang='lat' dir='ltr'><strong>de</strong></span> <span class='ocrx_word' id='word_1_258' title='bbox 544 2677 657 2730; x_wconf 87' lang='lat' dir='ltr'><strong>diis</strong></span> <span class='ocrx_word' id='word_1_259' title='bbox 695 2676 864 2746; x_wconf 80' lang='lat' dir='ltr'><strong>(Lyd.</strong></span> <span class='ocrx_word' id='word_1_260' title='bbox 904 2676 970 2730; x_wconf 88' lang='lat' dir='ltr'><strong>de</strong></span> <span class='ocrx_word' id='word_1_261' title='bbox 1007 2693 1170 2730; x_wconf 87' lang='lat' dir='ltr'><strong>mens.</strong></span> <span class='ocrx_word' id='word_1_262' title='bbox 1203 2680 1252 2742; x_wconf 83' lang='lat'><strong>4,</strong></span> <span class='ocrx_word' id='word_1_263' title='bbox 1276 2681 1305 2728; x_wconf 83' lang='lat'><strong>2</strong></span> <span class='ocrx_word' id='word_1_264' title='bbox 1337 2693 1397 2744; x_wconf 87' lang='lat' dir='ltr'><strong>p.</strong></span> <span class='ocrx_word' id='word_1_265' title='bbox 1430 2681 1566 2742; x_wconf 84' lang='lat'><strong>65,7</strong></span> <span class='ocrx_word' id='word_1_266' title='bbox 1608 2677 1686 2730; x_wconf 90' lang='lat' dir='ltr'><strong>ed.</strong></span> <span class='ocrx_word' id='word_1_267' title='bbox 1730 2677 2039 2745; x_wconf 88' lang='lat' dir='ltr'><strong>Wuensch),</strong></span> <span class='ocrx_word' id='word_1_268' title='bbox 2077 2679 2280 2747; x_wconf 87' lang='lat' dir='ltr'><strong>Lepi-</strong></span> 
     </span>
     <span class='ocr_line' id='line_1_33' title="bbox 240 2746 2278 2821; baseline 0.001 -20"><span class='ocrx_word' id='word_1_269' title='bbox 240 2749 360 2803; x_wconf 82' lang='lat' dir='ltr'><strong>dus</strong></span> <span class='ocrx_word' id='word_1_270' title='bbox 410 2746 662 2816; x_wconf 63' lang='lat' dir='ltr'><strong>(orator-,9</strong></span> <span class='ocrx_word' id='word_1_271' title='bbox 720 2747 827 2802; x_wconf 81' lang='lat' dir='ltr'><strong>Cic.</strong></span> <span class='ocrx_word' id='word_1_272' title='bbox 858 2748 1023 2801; x_wconf 87' lang='lat' dir='ltr'><strong>Brut.</strong></span> <span class='ocrx_word' id='word_1_273' title='bbox 1055 2753 1140 2813; x_wconf 82' lang='grc'><strong>25,</strong></span> <span class='ocrx_word' id='word_1_274' title='bbox 1172 2749 1259 2815; x_wconf 88' lang='grc'><strong>95)</strong></span> <span class='ocrx_word' id='word_1_275' title='bbox 1316 2747 1382 2801; x_wconf 90' lang='lat' dir='ltr'><strong>de</strong></span> <span class='ocrx_word' id='word_1_276' title='bbox 1434 2748 1802 2802; x_wconf 83' lang='lat' dir='ltr'><strong>sacerdotibus</strong></span> <span class='ocrx_word' id='word_1_277' title='bbox 1840 2749 2003 2817; x_wconf 80' lang='lat' dir='ltr'><strong>(Lyd.</strong></span> <span class='ocrx_word' id='word_1_278' title='bbox 2035 2750 2100 2804; x_wconf 88' lang='lat' dir='ltr'><strong>de</strong></span> <span class='ocrx_word' id='word_1_279' title='bbox 2135 2767 2278 2821; x_wconf 73' lang='lat' dir='ltr'><strong>may.</strong></span> 
     </span>
     <span class='ocr_line' id='line_1_34' title="bbox 242 2819 2276 2889; baseline 0.001 -17"><span class='ocrx_word' id='word_1_280' title='bbox 242 2825 288 2885; x_wconf 90' lang='lat' dir='ltr'><strong>l,</strong></span> <span class='ocrx_word' id='word_1_281' title='bbox 311 2825 375 2873; x_wconf 86' lang='lat'><strong>17</strong></span> <span class='ocrx_word' id='word_1_282' title='bbox 424 2836 487 2889; x_wconf 89' lang='lat' dir='ltr'><strong>p.</strong></span> <span class='ocrx_word' id='word_1_283' title='bbox 519 2824 697 2886; x_wconf 89' lang='grc'>22,15</span> <span class='ocrx_word' id='word_1_284' title='bbox 754 2819 831 2872; x_wconf 91' lang='lat' dir='ltr'><strong>ed.</strong></span> <span class='ocrx_word' id='word_1_285' title='bbox 885 2819 1187 2887; x_wconf 87' lang='lat' dir='ltr'><strong>Wuenseh),</strong></span> <span class='ocrx_word' id='word_1_286' title='bbox 1252 2819 1475 2873; x_wconf 86' lang='lat' dir='ltr'><strong>Titius</strong></span> <span class='ocrx_word' id='word_1_287' title='bbox 1522 2819 1586 2872; x_wconf 91' lang='lat' dir='ltr'><strong>de</strong></span> <span class='ocrx_word' id='word_1_288' title='bbox 1638 2820 1797 2886; x_wconf 83' lang='lat' dir='ltr'><strong>feriis</strong></span> <span class='ocrx_word' id='word_1_289' title='bbox 1851 2821 2122 2888; x_wconf 86' lang='lat' dir='ltr'><strong>(Macrob.</strong></span> <span class='ocrx_word' id='word_1_290' title='bbox 2161 2821 2276 2876; x_wconf 82' lang='lat' dir='ltr'><strong>Sat.</strong></span> 
     </span>
    </p>
   </div>
   <div class='ocr_carea' id='block_1_11' title="bbox 244 2890 2350 2961">
    <p class='ocr_par' dir='ltr' id='par_1_11' title="bbox 244 2890 2350 2961">
     <span class='ocr_line' id='line_1_35' title="bbox 244 2890 2350 2961; baseline 0.002 -19"><span class='ocrx_word' id='word_1_291' title='bbox 244 2896 289 2958; x_wconf 97' lang='grc'><strong>1,</strong></span> <span class='ocrx_word' id='word_1_292' title='bbox 312 2896 396 2957; x_wconf 88' lang='grc'><strong>16,</strong></span> <span class='ocrx_word' id='word_1_293' title='bbox 418 2894 488 2943; x_wconf 86' lang='grc'><strong>28</strong></span> <span class='ocrx_word' id='word_1_294' title='bbox 525 2891 594 2957; x_wconf 80' lang='lat' dir='ltr'><strong>cf.</strong></span> <span class='ocrx_word' id='word_1_295' title='bbox 636 2894 687 2955; x_wconf 95' lang='grc'><strong>3,</strong></span> <span class='ocrx_word' id='word_1_296' title='bbox 709 2894 757 2956; x_wconf 93' lang='grc'><strong>2,</strong></span> <span class='ocrx_word' id='word_1_297' title='bbox 782 2895 875 2956; x_wconf 86' lang='grc'><strong>11;</strong></span> <span class='ocrx_word' id='word_1_298' title='bbox 914 2891 1063 2945; x_wconf 88' lang='lat' dir='ltr'><strong>alius</strong></span> <span class='ocrx_word' id='word_1_299' title='bbox 1097 2897 1177 2944; x_wconf 87' lang='lat' dir='ltr'><strong>est</strong></span> <span class='ocrx_word' id='word_1_300' title='bbox 1206 2890 1261 2944; x_wconf 82' lang='lat' dir='ltr'><strong>G.</strong></span> <span class='ocrx_word' id='word_1_301' title='bbox 1300 2890 1482 2944; x_wconf 85' lang='lat' dir='ltr'><strong>Titius</strong></span> <span class='ocrx_word' id='word_1_302' title='bbox 1508 2890 1579 2943; x_wconf 90' lang='lat' dir='ltr'><strong>ib.</strong></span> <span class='ocrx_word' id='word_1_303' title='bbox 1612 2894 1662 2954; x_wconf 82' lang='lat'><strong>3,</strong></span> <span class='ocrx_word' id='word_1_304' title='bbox 1686 2895 1768 2957; x_wconf 88' lang='lat'><strong>11,</strong></span> <span class='ocrx_word' id='word_1_305' title='bbox 1791 2895 1849 2958; x_wconf 76' lang='grc' dir='ltr'><strong>ὃς</strong></span> <span class='ocrx_word' id='word_1_306' title='bbox 1873 2897 1956 2957; x_wconf 88' lang='grc'><strong>16,</strong></span> <span class='ocrx_word' id='word_1_307' title='bbox 1981 2895 2086 2961; x_wconf 89' lang='grc'>14.)</span> <span class='ocrx_word' id='word_1_308' title='bbox 2124 2893 2279 2947; x_wconf 87' lang='lat' dir='ltr'><strong>aliis·</strong></span> <span class='ocrx_word' id='word_1_309' title='bbox 2342 2921 2350 2926; x_wconf 94' lang='lat'>-</span> 
     </span>
    </p>
   </div>
   <div class='ocr_carea' id='block_1_12' title="bbox 230 2962 2279 3601">
    <p class='ocr_par' dir='ltr' id='par_1_12' title="bbox 230 2962 2279 3601">
     <span class='ocr_line' id='line_1_36' title="bbox 239 2962 2276 3032; baseline 0 -16"><span class='ocrx_word' id='word_1_310' title='bbox 239 2979 338 3030; x_wconf 76' lang='lat' dir='ltr'><strong>que</strong></span> <span class='ocrx_word' id='word_1_311' title='bbox 383 2962 463 3016; x_wconf 88' lang='lat' dir='ltr'><strong>ad</strong></span> <span class='ocrx_word' id='word_1_312' title='bbox 513 2962 806 3031; x_wconf 62' lang='lat' dir='ltr'><strong>religiones</strong></span> <span class='ocrx_word' id='word_1_313' title='bbox 857 2962 1230 3030; x_wconf 86' lang='lat' dir='ltr'><strong>spectantibus</strong></span> <span class='ocrx_word' id='word_1_314' title='bbox 1280 2962 1447 3030; x_wconf 89' lang='lat' dir='ltr'><strong>(Fest.</strong></span> <span class='ocrx_word' id='word_1_315' title='bbox 1487 2979 1533 3014; x_wconf 83' lang='lat' dir='ltr'><strong>v.</strong></span> <span class='ocrx_word' id='word_1_316' title='bbox 1574 2962 1876 3027; x_wconf 85' lang='lat' dir='ltr'><strong>offendices.</strong></span> <span class='ocrx_word' id='word_1_317' title='bbox 1913 2965 2034 3017; x_wconf 86' lang='lat' dir='ltr'><strong>rica</strong></span> <span class='ocrx_word' id='word_1_318' title='bbox 2061 2981 2122 3032; x_wconf 97' lang='lat' dir='ltr'><strong>p.</strong></span> <span class='ocrx_word' id='word_1_319' title='bbox 2155 2970 2276 3017; x_wconf 92' lang='grc'><strong>205.</strong></span> 
     </span>
     <span class='ocr_line' id='line_1_37' title="bbox 241 3033 2276 3106; baseline 0.002 -20"><span class='ocrx_word' id='word_1_320' title='bbox 241 3036 382 3101; x_wconf 79' lang='grc'>253),</span> <span class='ocrx_word' id='word_1_321' title='bbox 437 3050 508 3088; x_wconf 90' lang='lat' dir='ltr'><strong>ne</strong></span> <span class='ocrx_word' id='word_1_322' title='bbox 544 3033 953 3103; x_wconf 74' lang='lat' dir='ltr'><strong>Fulqentianos</strong></span> <span class='ocrx_word' id='word_1_323' title='bbox 1006 3033 1270 3100; x_wconf 78' lang='lat' dir='ltr'><strong>quosdam</strong></span> <span class='ocrx_word' id='word_1_324' title='bbox 1324 3049 1721 3087; x_wconf 81' lang='lat' dir='ltr'><strong>commemorem</strong></span> <span class='ocrx_word' id='word_1_325' title='bbox 1777 3035 2131 3106; x_wconf 77' lang='lat' dir='ltr'><strong>(Bernhardy</strong></span> <span class='ocrx_word' id='word_1_326' title='bbox 2170 3037 2202 3089; x_wconf 93' lang='lat' dir='ltr'><strong>l.</strong></span> <span class='ocrx_word' id='word_1_327' title='bbox 2234 3053 2276 3090; x_wconf 89' lang='lat' dir='ltr'><strong>c.</strong></span> 
     </span>
     <span class='ocr_line' id='line_1_38' title="bbox 230 3103 2278 3174; baseline 0.002 -16"><span class='ocrx_word' id='word_1_328' title='bbox 230 3121 289 3174; x_wconf 83' lang='lat' dir='ltr'><strong>p.</strong></span> <span class='ocrx_word' id='word_1_329' title='bbox 330 3110 453 3158; x_wconf 83' lang='grc'><strong>362.</strong></span> <span class='ocrx_word' id='word_1_330' title='bbox 504 3106 660 3173; x_wconf 91' lang='grc'>939),</span> <span class='ocrx_word' id='word_1_331' title='bbox 725 3120 831 3171; x_wconf 78' lang='lat' dir='ltr'><strong>quo</strong></span> <span class='ocrx_word' id='word_1_332' title='bbox 895 3103 1122 3158; x_wconf 88' lang='lat' dir='ltr'><strong>consilio</strong></span> <span class='ocrx_word' id='word_1_333' title='bbox 1184 3105 1521 3172; x_wconf 85' lang='lat' dir='ltr'><strong>scripserint,</strong></span> <span class='ocrx_word' id='word_1_334' title='bbox 1584 3111 1811 3159; x_wconf 90' lang='lat' dir='ltr'><strong>constat.</strong></span> <span class='ocrx_word' id='word_1_335' title='bbox 1869 3106 2278 3173; x_wconf 91' lang='lat' dir='ltr'><strong>Nicostrati,</strong></span> 
     </span>
     <span class='ocr_line' id='line_1_39' title="bbox 239 3175 2278 3243; baseline 0.001 -13"><span class='ocrx_word' id='word_1_336' title='bbox 239 3183 470 3231; x_wconf 77' lang='lat' dir='ltr'><strong>ceterum</strong></span> <span class='ocrx_word' id='word_1_337' title='bbox 504 3178 633 3230; x_wconf 88' lang='lat' dir='ltr'><strong>item</strong></span> <span class='ocrx_word' id='word_1_338' title='bbox 669 3175 869 3229; x_wconf 85' lang='lat' dir='ltr'><strong>incerti</strong></span> <span class='ocrx_word' id='word_1_339' title='bbox 910 3175 1194 3243; x_wconf 87' lang='lat' dir='ltr'><strong>scriptoris</strong></span> <span class='ocrx_word' id='word_1_340' title='bbox 1238 3176 1524 3242; x_wconf 80' lang='lat' dir='ltr'><strong>inferioris</strong></span> <span class='ocrx_word' id='word_1_341' title='bbox 1578 3178 1792 3242; x_wconf 89' lang='lat' dir='ltr'><strong>aetatis,</strong></span> <span class='ocrx_word' id='word_1_342' title='bbox 1848 3177 1913 3230; x_wconf 91' lang='lat' dir='ltr'><strong>de</strong></span> <span class='ocrx_word' id='word_1_343' title='bbox 1947 3185 2145 3232; x_wconf 87' lang='lat' dir='ltr'><strong>senatu</strong></span> <span class='ocrx_word' id='word_1_344' title='bbox 2180 3180 2278 3233; x_wconf 90' lang='lat' dir='ltr'><strong>ha-</strong></span> 
     </span>
     <span class='ocr_line' id='line_1_40' title="bbox 240 3246 2275 3328; baseline -0 -25"><span class='ocrx_word' id='word_1_345' title='bbox 240 3249 408 3303; x_wconf 81' lang='lat' dir='ltr'><strong>bendo</strong></span> <span class='ocrx_word' id='word_1_346' title='bbox 456 3248 604 3316; x_wconf 75' lang='lat' dir='ltr'><strong>quod</strong></span> <span class='ocrx_word' id='word_1_347' title='bbox 648 3252 830 3301; x_wconf 75' lang='lat' dir='ltr'><strong>exstat</strong></span> <span class='ocrx_word' id='word_1_348' title='bbox 871 3247 1089 3317; x_wconf 73' lang='lat' dir='ltr'><strong>insiqne</strong></span> <span class='ocrx_word' id='word_1_349' title='bbox 1123 3246 1322 3316; x_wconf 65' lang='lat' dir='ltr'><strong>fragm.</strong></span> <span class='ocrx_word' id='word_1_350' title='bbox 1355 3247 1510 3328; x_wconf 70' lang='lat' dir='ltr'><strong>apud</strong></span> <span class='ocrx_word' id='word_1_351' title='bbox 1535 3247 1682 3301; x_wconf 88' lang='lat' dir='ltr'><strong>Fest.</strong></span> <span class='ocrx_word' id='word_1_352' title='bbox 1711 3265 1759 3301; x_wconf 84' lang='grc' dir='ltr'><strong>υ.</strong></span> <span class='ocrx_word' id='word_1_353' title='bbox 1789 3250 2053 3302; x_wconf 89' lang='lat' dir='ltr'><strong>senacula</strong></span> <span class='ocrx_word' id='word_1_354' title='bbox 2078 3267 2140 3318; x_wconf 90' lang='lat' dir='ltr'><strong>p.</strong></span> <span class='ocrx_word' id='word_1_355' title='bbox 2174 3255 2275 3303; x_wconf 82' lang='lat'><strong>347</strong></span> 
     </span>
     <span class='ocr_line' id='line_1_41' title="bbox 240 3316 2276 3389; baseline 0.001 -16"><span class='ocrx_word' id='word_1_356' title='bbox 240 3321 325 3389; x_wconf 76' lang='lat' dir='ltr'><strong>hic</strong></span> <span class='ocrx_word' id='word_1_357' title='bbox 374 3320 570 3375; x_wconf 84' lang='lat' dir='ltr'><strong>saltem</strong></span> <span class='ocrx_word' id='word_1_358' title='bbox 624 3318 965 3372; x_wconf 84' lang='lat' dir='ltr'><strong>adscribam.-</strong></span> <span class='ocrx_word' id='word_1_359' title='bbox 1022 3316 1297 3371; x_wconf 83' lang='lat' dir='ltr'><strong>Senacula</strong></span> <span class='ocrx_word' id='word_1_360' title='bbox 1339 3320 1452 3371; x_wconf 72' lang='lat' dir='ltr'><strong>tna</strong></span> <span class='ocrx_word' id='word_1_361' title='bbox 1496 3316 1670 3371; x_wconf 86' lang='lat' dir='ltr'><strong>fuisse</strong></span> <span class='ocrx_word' id='word_1_362' title='bbox 1707 3317 1936 3386; x_wconf 80' lang='lat' dir='ltr'><strong>Romae,</strong></span> <span class='ocrx_word' id='word_1_363' title='bbox 1974 3319 2033 3372; x_wconf 90' lang='lat' dir='ltr'><strong>in</strong></span> <span class='ocrx_word' id='word_1_364' title='bbox 2071 3321 2276 3389; x_wconf 88' lang='lat' dir='ltr'><strong>quibus</strong></span> 
     </span>
     <span class='ocr_line' id='line_1_42' title="bbox 239 3387 2279 3458; baseline 0 -13"><span class='ocrx_word' id='word_1_365' title='bbox 239 3394 464 3446; x_wconf 77' lang='lat' dir='ltr'><strong>senatus</strong></span> <span class='ocrx_word' id='word_1_366' title='bbox 509 3389 711 3444; x_wconf 86' lang='lat' dir='ltr'><strong>haberi</strong></span> <span class='ocrx_word' id='word_1_367' title='bbox 760 3387 959 3442; x_wconf 72' lang='lat' dir='ltr'><strong>solitus</strong></span> <span class='ocrx_word' id='word_1_368' title='bbox 1019 3388 1111 3454; x_wconf 73' lang='lat' dir='ltr'><strong>sit,</strong></span> <span class='ocrx_word' id='word_1_369' title='bbox 1166 3388 1471 3443; x_wconf 86' lang='lat' dir='ltr'><strong>memoriae</strong></span> <span class='ocrx_word' id='word_1_370' title='bbox 1516 3389 1776 3458; x_wconf 77' lang='lat' dir='ltr'><strong>prodidit</strong></span> <span class='ocrx_word' id='word_1_371' title='bbox 1812 3389 2167 3445; x_wconf 72' lang='lat' dir='ltr'><strong>Nicostratus</strong></span> <span class='ocrx_word' id='word_1_372' title='bbox 2217 3392 2279 3445; x_wconf 89' lang='lat' dir='ltr'><strong>in</strong></span> 
     </span>
     <span class='ocr_line' id='line_1_43' title="bbox 239 3459 2278 3532; baseline 0.001 -17"><span class='ocrx_word' id='word_1_373' title='bbox 239 3460 396 3530; x_wconf 82' lang='lat' dir='ltr'><strong>libro,</strong></span> <span class='ocrx_word' id='word_1_374' title='bbox 433 3462 535 3532; x_wconf 78' lang='lat' dir='ltr'><strong>qni</strong></span> <span class='ocrx_word' id='word_1_375' title='bbox 572 3459 904 3515; x_wconf 66' lang='lat' dir='ltr'><strong>inscribitur</strong></span> <span class='ocrx_word' id='word_1_376' title='bbox 942 3460 1012 3512; x_wconf 90' lang='lat' dir='ltr'><strong>de</strong></span> <span class='ocrx_word' id='word_1_377' title='bbox 1050 3461 1251 3513; x_wconf 75' lang='lat' dir='ltr'><strong>senatu</strong></span> <span class='ocrx_word' id='word_1_378' title='bbox 1287 3459 1567 3514; x_wconf 85' lang='lat' dir='ltr'><strong>habende.</strong></span> <span class='ocrx_word' id='word_1_379' title='bbox 1642 3479 1834 3528; x_wconf 83' lang='lat' dir='ltr'><strong>unum,</strong></span> <span class='ocrx_word' id='word_1_380' title='bbox 1871 3460 1970 3514; x_wconf 89' lang='lat' dir='ltr'><strong>ubi</strong></span> <span class='ocrx_word' id='word_1_381' title='bbox 2005 3479 2153 3517; x_wconf 87' lang='lat' dir='ltr'><strong>nunc</strong></span> <span class='ocrx_word' id='word_1_382' title='bbox 2192 3466 2278 3517; x_wconf 75' lang='lat' dir='ltr'><strong>est</strong></span> 
     </span>
     <span class='ocr_line' id='line_1_44' title="bbox 240 3528 2279 3601; baseline -0.001 -11"><span class='ocrx_word' id='word_1_383' title='bbox 240 3533 391 3589; x_wconf 71' lang='lat' dir='ltr'><strong>aedis</strong></span> <span class='ocrx_word' id='word_1_384' title='bbox 429 3531 781 3589; x_wconf 84' lang='lat' dir='ltr'><strong>Concordiae</strong></span> <span class='ocrx_word' id='word_1_385' title='bbox 818 3532 968 3585; x_wconf 73' lang='lat' dir='ltr'><strong>inter</strong></span> <span class='ocrx_word' id='word_1_386' title='bbox 1005 3528 1349 3601; x_wconf 66' lang='lat' dir='ltr'><strong>Capitolium</strong></span> <span class='ocrx_word' id='word_1_387' title='bbox 1388 3532 1446 3585; x_wconf 73' lang='lat' dir='ltr'><strong>et</strong></span> <span class='ocrx_word' id='word_1_388' title='bbox 1498 3531 1698 3597; x_wconf 82' lang='lat' dir='ltr'><strong>forum,</strong></span> <span class='ocrx_word' id='word_1_389' title='bbox 1753 3532 1814 3585; x_wconf 88' lang='lat' dir='ltr'><strong>in</strong></span> <span class='ocrx_word' id='word_1_390' title='bbox 1861 3549 1971 3601; x_wconf 88' lang='lat' dir='ltr'><strong>quo</strong></span> <span class='ocrx_word' id='word_1_391' title='bbox 2021 3532 2279 3588; x_wconf 80' lang='lat' dir='ltr'><strong>solebant</strong></span> 
     </span>
    </p>
   </div>
  </div>
 </body>
</html>
