2650 3917
381 162 512 226 304
976 161 1101 216 GAJ
1134 161 1392 216 INSTIT.
1429 162 1506 215 m
1544 167 1841 215 140—141.

380 328 760 391 contractae.
869 325 999 391 140.
1054 324 1347 391 Pretium
1419 330 1633 391 autem
1699 330 1943 390 certum
2008 328 2145 390 esse
2210 325 2410 389 debet.

379 437 529 479 nam
585 413 874 499 alioquin
930 416 985 480 si
1035 415 1129 480 ita
1180 416 1351 480 inter
1402 437 1520 480 nos
1587 415 1986 499 conuenerit,
2050 418 2125 480 ut
2189 415 2411 499 quanti

382 504 592 569 Titius
630 526 766 568 rem
806 506 1258 588 aestimauerit‚
1294 506 1465 569 tanti
1502 505 1589 569 sit
1626 508 1861 590 empta,
1897 503 2114 569 Labeo
2139 505 2414 606 negauit

382 593 582 658 ullam
654 595 788 658 uim
851 593 976 659 hoc
1046 555 1383 679 negotium
1455 594 1716 676 habe1·;e
1790 594 1970 658 cuius
2045 593 2413 678 opinionem

385 681 642 748 Cassius
705 683 957 768 probat.
1051 681 1281 749 Ofilius
1348 688 1413 748 et
1476 705 1615 748 eam
1681 683 2072 767 emptionem
2137 686 2201 747 et
2267 704 2414 747 uen-

383 773 692 838 ditionem
730 793 855 839 esse
886 771 1206 858 putwuiffi,
1255 775 1436 839 cuius
1477 773 1842 857 opinionem
1883 771 2199 837 Proculus
2238 775 2416 837 secu-

384 867 490 926 tus
529 867 641 927 est.
734 863 853 927 141.
901 861 1064 928 Item
1110 864 1389 948 pretium
1440 862 1507 926 in
1553 865 1889 926 numerata
1933 862 2207 946 pecunia
2254 859 2415 946 con!-

245 968 346 1016 165
385 952 611 1016 sistere
666 952 869 1016 debet.
961 973 1115 1017 nam
1162 952 1229 1016 in
1285 952 1515 1018 ceteris
1569 952 1761 1016 rebus
1809 973 1890 1015 an
1944 952 2226 1035 pretium
2283 972 2417 1015 esse

383 1042 619 1125 possit,
664 1041 871 1106 ueluti
915 1038 1147 1107 homo²
1194 1045 1306 1106 aut
1354 1045 1508 1126 toga
1554 1045 1668 1104 aut
1721 1040 1958 1105 fundus
2014 1040 2279 1104 alterius
2327 1042 2418 1104 rei

379 1132 653 1212 pretium
689 1151 814 1196 6886
844 1133 1064 1215 possit,
1101 1130 1290 1194 ualde
1337 1129 1720 1214 quaeritur.3
1808 1130 2017 1193 nostri
2052 1135 2418 1214 praecepto·

385 1241 488 1283 res
535 1223 769 1304 putant
815 1220 1010 1285 etiam
1057 1221 1125 1284 in
1171 1219 1297 1284 alia
1342 1242 1411 1283 re
1465 1241 1652 1304 posse
1708 1218 2058 1284 consistere
2111 1219 2419 1303 pretium3

384 1308 554 1373 unde
599 1308 762 1372 iflud
808 1313 922 1392 est,
970 1309 1142 1393 quod
1188 1310 1388 1393 uulgo
1434 1312 1668 1393 putant
1710 1331 1826 1393 per
1880 1310 2421 1393 permutationem

386 1419 599 1462 16111111
664 1398 1052 1481 emptionem
1111 1402 1175 1462 et
1244 1398 1683 1471 uenditionem
1758 1395 2077 1481 contrahi,
2151 1419 2422 1481 eamque

388 1486 664 1571 speciem
711 1486 1095 1571 emptionis⁴=
1138 1487 1659 1571 uenditionisque
1705 1486 2211 1552 uetustissimam
2258 1509 2420 1571 esse;

386 1579 893 1661 argumentoque
938 1580 1211 1642 utuntur
1258 1574 1499 1643 Graeco
1545 1580 1736 1661 poeta
1782 1575 2066 1640 Homero
2076 1627 2093 1660 ,
2151 1576 2264 1660 qui
2312 1576 2423 1641 ali-

386 1686 514 1748 qua
557 1670 743 1751 parte
790 1667 884 1731 sic
930 1666 1047 1730 ait:

567 1794 772 1857 ἔνθεν
820 1792 902 1877 ἄρ
920 1789 1291 1871 ὀἰνίζοντο
1339 1793 1877 1876 καρηκομόωντες
1925 1788 2197 1875 Ἀχαιοί,

567 1882 756 1946 ἄλλοι
804 1905 926 1962 μεν
971 1883 1221 1967 χαλκῷ,
1269 1881 1460 1946 ἄλλοι
1509 1878 1581 1946 6'
1609 1880 1856 1945 αἴθωνι
1905 1881 2187 1968 σιδήρῳ,

566 1971 755 2036 ἄλλοι
802 1967 876 2035 δὲ
925 1970 1166 2055 ῥινοῖς,
1215 1972 1406 2035 ἄλλοι
1455 1968 1528 2036 6'
1554 1970 1790 2056 αὐτῇσι
1837 1971 2139 2053 βόεσσιν,

565 2060 754 2125 ἄλλοι
803 2058 876 2125 6'
904 2056 1459 2146 ἀνδραπόδεσσι,5

387 2189 453 2250 et
497 2183 762 2268 reliqua.
855 2185 1143 2250 diuersae
1191 2184 1449 2249 scholae
1482 2187 1773 2248 auctores
1804 2182 2193 2247 dissentiunt
2221 2181 2426 2247 aliud-

387 2296 511 2359 que
557 2296 696 2338 esse
743 2275 1114 2339 existimant
1159 2273 1699 2358 permutationem
1744 2295 1977 2355 rerum,
2024 2271 2201 2336 aliud
2249 2295 2425 2357 emp-

386 2365 628 2428 tionem
695 2367 761 2427 et
814 2364 1277 2448 uenditionem3
1342 2363 1634 2447 alioquin
1695 2383 1824 2427 non
1876 2381 2060 2443 posse
2120 2384 2254 2426 rem
2322 2384 2426 2426 ex-

386 2453 595 2538 pediri
649 2452 1033 2537 permutatis
1080 2453 1298 2537 rebus,
1349 2474 1511 2536 quae
1556 2452 1851 2517 uideatur
1898 2473 1999 2515 res
2058 2451 2314 2516 uenisse
2362 2455 2429 2515 et

388 2565 553 2627 quae
596 2541 792 2626 pretii
850 2543 1110 2607 nomine
1176 2542 1324 2607 data
1389 2564 1554 2626 6666,
1618 2540 1727 2605 sed
1791 2560 2014 2605 rursus
2081 2543 2428 2624 utramque

532 2739 583 2806 1)
624 2751 744 2789 6666
781 2734 1005 2805 putavit
1038 2736 1216 2805 swppl.
1257 2737 1377 2791 Hu.
1523 2739 1575 2805 2)
1614 2734 1719 2788 hoc
1755 2734 1923 2788 modo
1961 2734 2028 2788 V.
2163 2736 2215 2804 3)
2256 2751 2431 2801 quae-

386 2808 461 2861 rit
497 2808 565 2863 V.
710 2809 764 2878 4)
803 2807 1214 2875 emptionisque
1256 2806 1319 2860 V.
1468 2809 1519 2876 5)
1563 2807 1777 2861 Graeca
1813 2823 1915 2861 om.
1953 2805 2020 2859 V.

530 2992 560 3052 6
601 2991 720 3041 140.
776 2987 845 3052 ef.
886 2988 935 3041 Ι.
977 2991 1024 3050 3,
1055 2991 1141 3053 28,
1173 2992 1220 3039 1.
1279 2987 1354 3040 D.
1398 2990 1679 3052 18,1‚35,
1711 2990 1738 3038 1
1780 2985 1933 3054 (Gai.
1973 2985 2116 3053 288).
2177 2989 2260 3050 18,
2293 2990 2343 3048 1,
2377 2989 2429 3050 7,

389 3066 446 3127 1;
486 3064 516 3111 2
557 3058 711 3128 (Ulp.
736 3060 913 3127 2713).
956 3063 1039 3125 18,
1072 3063 1118 3123 1,
1149 3063 1215 3110 37
1255 3058 1411 3126 (Uzp.
1434 3058 1539 3126 54).
1600 3056 1656 3111 0.
1697 3060 1748 3122 4,
1778 3061 1862 3122 38,
1895 3059 1961 3108 15
1991 3057 2063 3125 (a.
2086 3058 2228 3125 530).
2268 3056 2433 3123 infra

425 3173 439 3199 ⁹
529 3174 721 3267 §⁹141.
770 3203 915 3255 =I.
956 3205 1006 3268 3,
1036 3205 1121 3266 23,
1152 3205 1201 3252 2.
1275 3200 1345 3266 cf.
1404 3199 1549 3253 Serv.
1607 3199 1683 3253 ad
1746 3198 1900 3269 Very.
1963 3198 2156 3267 Geory.
2213 3203 2264 3264 3,
2302 3202 2432 3251 306.

390 3274 669 3329 Maeeian.
728 3274 869 3327 assis
918 3271 1130 3326 distrib.
1170 3274 1255 3323 45.
1311 3270 1389 3324 D.
1432 3275 1676 3337 18,1,1,
1710 3276 1735 3323 1
1777 3276 1828 3324 et
1865 3274 1948 3336 19,
1978 3275 2028 3336 4,
2061 3276 2195 3337 lpr.
2235 3270 2429 3338 (Paul.

389 3347 528 3412 502).
607 3349 691 3409 19,
723 3349 772 3407 5,
803 3348 852 3408 5,
885 3349 912 3396 1
974 3343 1161 3409 (Paul.
1202 3344 1379 3411 1322).
1458 3341 1513 3395 G.
1561 3346 1612 3406 4,
1648 3314 1732 3407 64,
1765 3346 1792 3393 1
1851 3343 1925 3409 (a
1966 3343 2107 3424 288)
2183 3346 2234 3406 4,
2277 3344 2364 3402 64,
2396 3345 2432 3393 8

388 3418 462 3482 (a.
502 3420 643 3482 294).
717 3385 870 3469 P'zin.
925 3420 1042 3468 nat.
1097 3414 1220 3468 hist.
1261 3419 1347 3480 33,
1378 3418 1436 3479 6·
1478 3418 1535 3479 73
1574 3384 1657 3466 4'6.
1750 3413 1890 3467 Isid.
1945 3413 2083 3482 oriy.
2135 3417 2190 3478 ὅ,
2221 3416 2306 3478 24,
2340 3416 2433 3465 23.

392 3486 449 3540 Ο.
489 3487 538 3538 I.
570 3485 637 3537 L.
675 3484 752 3537 IX
791 3489 927 3537 3513
968 3485 1182 3551 (Bvuns
1216 3484 1285 3551 1⁶,
1317 3486 1442 3552 261)
1499 3486 1640 3538 1.12
1689 3484 1855 3552 (quod
1890 3488 2127 3553 emptum
2163 3484 2268 3537 erit
2305 3499 2436 3537 aere

388 3563 491 3611 aut
525 3563 749 3626 amento
787 3557 919 3625 etc..)
985 3554 1250 3626 Homero]
1288 3557 1361 3610 11.
1402 3561 1450 3621 7,
1480 3561 1651 3609 472-
1660 3560 1780 3609 475.
