2650 3917
332 126 458 192 104
828 128 978 183 SEX.
1019 127 1392 184 CAECILIVS
1427 128 1858 184 AFRICANVS.

328 313 514 357 casus
562 292 729 358 ictus
774 314 910 356 non
962 296 1201 377 posset.
1293 290 1439 380 (35)
1478 293 1650 377 quod
1698 294 1753 357 si
1799 293 1892 358 ita
1939 296 2054 377 est,
2098 296 2174 358 ut
2219 292 2369 358 dico

327 386 394 445 et
428 379 537 445 ut¹
573 381 714 466 ipse
759 381 1102 466 aequitatis
1149 381 1413 446 habitus
1461 382 1877 466 demonstrat,
1903 381 2179 447 taliones
2208 381 2365 448 illae

328 473 475 534 tuae
521 470 886 555 reciprocae
934 471 1293 557 argutiores
1340 472 1636 555 profecto
1675 492 1868 555 quam
1914 471 2199 536 ueriores
2236 472 2376 536 fue·

330 563 497 623 runt.
565 557 709 647 (36)
740 560 852 625 sed
880 559 1184 643 quoniam
1217 560 1518 625 acerbum
1552 582 1811 644 quoque
1840 582 1978 625 esse
2002 559 2133 627 hoc
2160 583 2369 647 genus

273 673 297 713 5
327 670 569 732 poenae
614 652 833 733 putas,
880 671 1069 733 quae,
1124 648 1392 715 obsecro
1439 653 1529 733 te,
1577 650 1705 715 ista
1759 650 2071 715 acerbitas
2125 655 2249 733 est,
2310 650 2368 715 si

326 737 496 802 idem
541 738 666 802 fiat*
702 739 772 802 in
817 742 915 821 te,
961 738 1137 822 quod
1180 742 1320 803 tute
1367 740 1436 802 in
1481 740 1610 804 alio
1654 738 1930 803 feceris?
1985 740 2366 841 praesertim

327 849 474 892 cum
520 826 761 892 habeas
775 825 799 864 2
848 827 1223 892 facultatem
1276 828 1642 911 paciscendi
1689 834 1755 893 et
1800 849 1931 893 non
1975 850 2233 893 necesse
2281 828 2373 893 sit

324 917 462 1000 pati
500 916 828 1000 talionem,
862 916 992 981 nisi
1030 938 1171 981 eam
1199 920 1276 980 tu
1324 916 1609 1003 elegeris,
1694 915 1860 1020 (37)
1870 917 2044 1001 quod
2080 917 2366 983 edictum

328 1011 543 1070 autem
608 1010 977 1089 praetorum
1034 1005 1145 1070 de
1167 1006 1584 1071 aestimandis
1645 1006 1898 1071 iniuriis
1961 1005 2368 1090 probabilius

248 1121 300 1160 10
332 1116 470 1160 esse
517 1093 902 1178 existimas³,
945 1095 1099 1160 11010
1145 1094 1271 1159 hoc
1325 1097 1583 1182 ignores
1627 1096 1797 1161 hanc
1844 1116 2102 1180 quoque
2152 1095 2366 1180 ipsam

331 1183 640 1250 talionem
669 1184 748 1250 ad
778 1184 1292 1249 aestimationem
1321 1184 1554 1249 iudicis
1590 1185 1800 1271 redigi
1826 1186 2184 1250 necessario
2214 1187 2366 1250 soli-

329 1277 480 1338 tam.
574 1272 721 1359 (38)
758 1296 911 1338 nam
957 1273 1012 1338 si
1057 1295 1232 1357 reus,
1278 1274 1392 1358 qui
1438 1274 1753 1358 depecisci
1797 1273 2121 1358 noluerat,
2165 1274 2367 1339 iudici

328 1362 636 1427 talionem
682 1363 1030 1447 imperanti
1074 1384 1208 1427 non
1255 1363 1550 1447 parebat,
1605 1365 1943 1428 aestimata
1996 1362 2112 1428 lite
2167 1363 2367 1428 iudex

321 1450 655 1516 hominem
726 1453 1036 1536 pecuniae
1110 1450 1484 1536 damnabat,
1556 1456 1750 1536 atque
1820 1453 1939 1537 ita,
2003 1452 2059 1518 si
2121 1474 2231 1517 reo
2298 1458 2367 1518 et

243 1568 294 1606 15
324 1542 540 1624 pactio
614 1542 832 1627 grauis
896 1544 962 1605 et
1024 1540 1256 1606 acerba
1320 1541 1477 1605 talio
1540 1542 1687 1606 uisa
1749 1541 1985 1625 fuerat,
2050 1542 2365 1606 seueritas

326 1629 489 1716 legis
545 1630 626 1694 ad
670 1631 980 1715 pecuniae
1024 1631 1295 1695 multam
1344 1630 1610 1696 redibat.
1701 1628 1860 1732 (39)
1894 1628 2152 1715 restat4,
2178 1636 2253 1695 ut
2283 1631 2368 1715 ei,

322 1719 497 1802 quod
535 1721 612 1784 de
655 1721 937 1785 sectione
982 1719 1462 1804 partitioneque
1508 1719 1797 1804 corporis
1841 1720 2363 1785 inmanissimum

319 1830 457 1873 esse
520 1808 644 1874 tibi
717 1809 930 1873 uisum
996 1812 1121 1891 est,
1192 1808 1634 1892 respondeam.
1736 1808 2036 1873 omnibus
2096 1808 2362 1892 quidem

320 1899 634 1962 uirtutum
675 1898 1019 1984 generibus
1056 1898 1423 1963 exercendis
1462 1897 1878 1982 colendisque
1913 1897 2195 1983 populus
2227 1897 2363 1963 Ro-

236 2013 289 2052 20
319 2009 545 2052 manus
591 1992 648 2051 e'
683 2010 887 2071 parua
942 1987 1191 2073 origine
1246 1986 1326 2051 ad
1382 1991 1600 2052 tantae
1653 1986 2100 2071 amplitudinis
2155 1987 2366 2052 instar

321 2077 610 2162 emicuit,
674 2078 785 2142 sed
832 2077 1123 2141 omnium
1170 2077 1449 2142 maxime
1500 2080 1694 2161 atque
1757 2077 2098 2161 praecipue
2160 2076 2359 2141 fidem

321 2166 524 2231 coluit
569 2170 987 2249 sanctamque
1029 2165 1261 2230 habuit
1306 2169 1439 2229 tam
1489 2166 1800 2250 priuatim
1839 2187 2034 2249 quam
2078 2164 2361 2251 publice.

321 2252 468 2340 (40)
516 2255 609 2320 sic
673 2256 996 2337 consules,
1060 2255 1453 2320 clarissimos
1507 2256 1710 2339 uiros,
1773 2254 2073 2320 hostibus
2127 2255 2364 2320 confir-

319 2344 586 2409 mandae
639 2344 791 2408 fidei
845 2343 1143 2429 publicae
1199 2364 1394 2410 causa
1449 2344 1694 2409 dedidit
1706 2341 1747 2427 ⁵,
1795 2344 1888 2408 sic
1942 2342 2241 2409 clientem
2288 2345 2364 2409 in

237 2459 289 2498 25
319 2432 509 2497 fidem
594 2437 928 2517 acceptum
1003 2434 1313 2499 cariorem
1386 2433 1612 2498 haberi
1687 2455 1880 2517 quam
1953 2433 2363 2517 propinquos

319 2522 756 2606 tuendumque
803 2545 940 2588 esse
987 2526 1214 2588 contra
1251 2526 1564 2608 cognatos
1613 2524 1881 2605 censuit,
1923 2544 2133 2607 neque
2168 2522 2362 2608 peius

314 2612 520 2676 ullum
567 2611 818 2677 facinus
864 2612 1303 2677 existimatum
1353 2615 1468 2696 est,
1519 2633 1712 2696 quam
1761 2613 1817 2676 si
1865 2610 2015 2695 qui⁶
2057 2611 2362 2696 probare-

314 2705 423 2765 tur
466 2700 766 2767 clientem
814 2701 1054 2766 diuisui
1100 2701 1419 2766 habuisse.
1513 2699 1659 2787 (41)
1696 2701 1864 2766 hanc
1908 2703 2126 2766 autem
2160 2700 2359 2766 fidem

316 2791 595 2855 maiores
659 2790 864 2855 nostri
909 2810 1040 2854 non
1094 2791 1286 2856 modo
1344 2790 1413 2855 in
1469 2790 1829 2855 officiorum
1895 2789 2177 2873 uicibus,
2244 2790 2363 2855 sed

235 2905 289 2945 30
319 2879 388 2944 in
423 2880 832 2965 negotiorum
882 2900 1137 2964 quoque
1184 2880 1622 2944 contractibus
1661 2884 2010 2944 sanxerunt
2046 2879 2363 2944 maxime-

320 2990 444 3052 que
518 2970 584 3032 in
658 2970 966 3053 pecuniae
1030 2969 1423 3033 mutuaticae
1493 2990 1615 3033 usu
1679 2972 1872 3053 atque
1944 2970 2362 3035 commercio:

315 3058 513 3122 adimi
560 3058 729 3123 enim
787 3062 1181 3142 putauerunt
1228 3057 1584 3122 subsidium
1631 3057 1755 3122 1100
1807 3057 2064 3143 inopiae
2108 3061 2366 3142 tempo-

458 3305 510 3373 1)
550 3307 607 3358 et
643 3306 709 3358 ut
744 3305 898 3359 codd.
938 3305 1061 3360 dett.
1117 3308 1184 3360 ut
1221 3308 1280 3359 et
1316 3307 1452 3361 libri
1489 3306 1632 3360 boni.
1781 3306 1834 3373 2)
1871 3303 2073 3358 feceris
2116 3305 2235 3375 QZ.

312 3378 365 3446 3)
404 3375 692 3429 existimas
732 3377 850 3430 Hu.
890 3391 958 3428 ex
992 3375 1082 3430 his
1119 3379 1201 3432 vel
1238 3393 1306 3431 ex
1342 3376 1413 3431 iis
1453 3377 1606 3431 codd.
1766 3378 1822 3445 4)
1859 3379 2037 3431 restat
2068 3402 2144 3416 -—
2182 3379 2368 3445 atque

312 3454 342 3513 5
382 3453 450 3502 53
500 3449 537 3502 i.
567 3449 609 3516 f.
649 3448 1189 3528 0111926)
1228 3448 1451 3504 dedidit
1487 3449 1586 3504 Fr.
1628 3448 1853 3502 Daniel.
1911 3446 2073 3500 dedit
2108 3448 2266 3502 codd.

314 3522 367 3589 6)
407 3519 504 3588 qui
546 3520 758 3575 Carrio.
816 3517 906 3572 001
943 3518 1098 3574 codd.
1179 3539 1189 3547 ·
