2650 3917
332 161 419 224 94
1063 161 1370 216 LAELNS
1406 161 1637 217 FELIX.

1010 413 1385 479 LAELIVS
1433 414 1695 481 FELIX

994 519 1117 588 (sub
1164 519 1298 587 imp.
1349 519 1741 590 Hadriano).¹'

1037 644 1156 698 AD
1196 645 1258 715 Q.
1301 646 1378 698 M
1383 644 1656 701 VOIVM.

412 790 415 794 ι
463 754 511 817 1.
556 751 634 817 In
705 754 874 818 libro
940 753 1143 818 Laelii
1206 753 1440 818 Felicis
1514 754 1596 818 ad
1671 752 1741 830 Q.
1790 752 2080 819 Mucium
2151 756 2364 839 primo

277 868 304 908 5
334 843 649 927 scriptum
688 847 786 908 est
822 842 1187 910 Labeonem
1235 842 1513 908 scribere
1558 849 1661 908 etc.
1691 840 1794 930 (cf.
1822 863 2019 926 ,supra
2045 843 2145 908 M.
2175 843 2383 911 Anto.

329 933 488 1017 scius
515 931 722 998 Labeo
748 953 810 997 n.
833 932 1006 1015 2210.
1027 930 1161 1018 59).
1257 930 1518 997 ²iisdem
1584 933 1886 1016 comitiis,
1940 954 2102 1016 quae
2159 932 2366 1009 calata

330 1020 641 1105 appellari
686 1022 986 1105 diximus,
1023 1026 1087 1086 et
1124 1043 1452 1086 sacrorum
1502 1022 1840 1094 detestatio
1880 1025 1945 1086 et
1980 1023 2368 1086 testamenta

330 1110 489 1182 fieri,
520 1110 829 1181 solebant.
922 1113 1049 1175 tria
1094 1110 1264 1174 enim
1310 1132 1547 1196 genera
1593 1112 2125 1175 testamentorum
2163 1110 2364 1191 fuisse

331 1201 721 1283 accepimus:
768 1222 988 1284 unum,
1037 1200 1208 1284 quod
1257 1200 1482 1265 calatis
1530 1200 1808 1265 comitiis
1846 1199 1917 1263 in
1952 1198 2181 1284 populi
2218 1221 2364 1264 con-

251 1315 304 1354 10
331 1290 508 1354 tione
553 1289 751 1373 fieret,
812 1289 1085 1353 alterum
1132 1290 1203 1353 in
1259 1290 1616 1374 procinctu,
1677 1311 1823 1354 cum
1869 1290 1996 1353 uiri
2042 1288 2123 1352 ad
2182 1310 2365 1373 proe-

331 1377 490 1441 lium
564 1378 928 1443 faciendum
1000 1379 1069 1442 in
1142 1380 1343 1442 aciem
1417 1379 1843 1462 uocabantur,
1914 1378 2180 1443 tertium
2247 1398 2366 1463 per

329 1465 614 1531 familiae
659 1469 1199 1552 mancipationem
1214 1465 1255 1551 ³,
1310 1468 1417 1531 cui
1462 1488 1569 1531 aes
1616 1472 1681 1532 et
1723 1467 1891 1532 libra
1936 1466 2361 1531 adhiberetur.

465 1644 521 1710 2.
568 1642 646 1710 In
692 1607 917 1710 eodeni
953 1645 1158 1710 Laelii
1192 1644 1429 1712 Felicis
1475 1644 1644 1731 libro
1691 1644 1849 1710 haec
1895 1646 2136 1729 scripta
2183 1649 2356 1709 sunt:

247 1761 299 1802 ιε
331 1732 436 1818 ‘Is,
483 1736 596 1819 qui
631 1757 764 1800 non
808 1732 1220 1800 uniuersum4
1264 1735 1598 1819 populum,
1646 1734 1757 1799 sed
1793 1738 2040 1818 partem
2078 1734 2361 1818 aliquam

328 1824 548 1889 adesse
594 1824 791 1907 iubet,
827 1846 959 1888 non
1007 1825 1284 1908 comitia,
1332 1824 1445 1888 sed
1491 1823 1834 1889 concilium
1871 1823 2117 1888 edicere
2154 1823 2358 1887 debet.

329 1913 577 1978 tribuni
622 1918 837 1978 autem
881 1935 1090 1996 neque
1138 1913 1458 1978 aduocant
1510 1913 1816 1996 patricios
1872 1933 2079 1996 neque
2125 1912 2207 1976 ad
2253 1933 2361 1976 eos

327 1999 601 2067 referre⁵
644 2003 779 2068 ulla
826 2003 904 2067 de
940 2024 1010 2066 re
1057 2006 1345 2086 possunt.
1439 2002 1532 2066 ita
1567 2023 1650 2066 ne
1693 2002 1869 2087 leges
1917 2000 2175 2085 quidem
2215 2022 2361 2085 pro-

287 2097 291 2102 ’
327 2092 483 2176 prie,
531 2091 641 2156 sed
685 2092 893 2176 plebis
940 2094 1101 2156 scita
1147 2092 1571 2176 appellantur,
1619 2112 1782 2174 quae
1827 2090 2105 2154 tribunis
2149 2089 2358 2174 plebis

243 2207 298 2246 20
325 2180 679 2246 ferentibus
736 2184 995 2265 accepta
1043 2184 1219 2245 sunt:
1276 2181 1510 2263 quibus
1566 2178 2013 2264 rogationibus
2059 2182 2208 2243 ante
2253 2201 2361 2263 pa·

327 2269 501 2334 tricii
562 2291 694 2334 non
768 2269 1177 2354 tenebantur,
1242 2269 1445 2334 donec
1511 2267 1582 2344 Q.
1635 2268 2021 2333 Hortensius
2087 2267 2362 2333 dictator

327 2358 536 2445 legem
581 2360 751 2442 tulit,
808 2363 885 2423 ut
929 2380 1003 2422 eo
1050 2359 1206 2442 iure,
1269 2360 1443 2442 quod
1490 2357 1672 2442 plebs
1733 2359 2080 2441 statuisset,
2141 2378 2359 2421 omnes

330 2446 610 2524 Quirites
657 2449 1064 2512 tenerentur’.
1114 2486 1197 2493 ———
1252 2447 1409 2513 Gall.
1452 2447 1553 2530 15,
1591 2447 1697 2532 27,
1733 2448 1792 2511 4.

463 2537 517 2602 3.
563 2534 727 2601 Item
773 2538 841 2601 in
888 2537 1110 2601 eodem
1155 2537 1324 2601 libro
1370 2537 1497 2601 hoc
1544 2537 1854 2621 scriptum
1901 2539 2021 2599 est:
2073 2533 2237 2599 Cum
2283 2556 2360 2599 ex

248 2652 298 2692 2⁶
329 2626 671 2713 generibus
707 2626 1043 2690 hominum
1082 2627 1461 2712 suffragium
1501 2624 1761 2710 feratur,
1808 2626 2054 2689 curiata
2098 2624 2361 2689 comitia

329 2737 491 2799 esse,
547 2738 692 2780 cum
739 2737 817 2780 ex
865 2737 1060 2780 censu
1108 2720 1171 2780 et
1226 2718 1457 2799 aetate,
1512 2716 1893 2800 centuriata,
1949 2734 2093 2778 cum
2142 2735 2221 2777 ex
2265 2735 2361 2778 re·

473 2911 523 2978 1)
564 2910 776 2977 ‘sequor
820 2925 1151 2964 communem
1197 2911 1507 2978 opinionem
1544 2925 1751 2974 eorum,
1805 2909 1902 2977 qui
1943 2908 2089 2961 hwnc
2132 2907 2360 2962 ewndem

327 2981 588 3035 Laelium
638 2997 746 3035 esse
794 2987 1065 3046 statuunt,
1121 2983 1280 3035 cuius
1315 2982 1378 3034 in
1415 2981 1490 3034 D.
1531 2986 1579 3046 5,
1600 2986 1651 3046 4,
1673 2984 1703 3032 3
1744 2980 1929 3048 (Paul.
1972 2980 2131 3048 1233)
2158 2980 2359 3033 mentio

325 3053 417 3119 fit.-
470 3051 802 3121 quamquam
848 3054 910 3106 in
955 3052 1054 3106 hoc
1088 3054 1349 3121 soriptore
1405 3053 1590 3106 omnia
1644 3053 1855 3105 incerta
1907 3055 2041 3104 swnt
2074 3055 2125 3103 et
2176 3051 2360 3118 ipsum

325 3140 537 3189 nomen,
574 3125 781 3192 quoties
815 3130 1278 3189 commemoratur,
1316 3125 1379 3176 in
1415 3124 1572 3177 libris
1605 3138 1728 3176 mss.
1766 3120 2064 3176 variatur’.
2103 3121 2219 3174 Hu.

327 3197 380 3265 2)
423 3195 574 3250 ‘haec
627 3212 835 3264 quoque
876 3212 942 3249 ex
978 3195 1158 3249 eodem
1213 3195 1353 3249 libro
1393 3195 1573 3262 petita
1619 3210 1727 3248 esse
1780 3194 1879 3258 vix
1921 3192 2223 3258 dubitabit,
2261 3192 2361 3260 qui

325 3268 718 3338 sententiarum
753 3283 955 3321 nexum
991 3267 1274 3335 operamque
1309 3266 1417 3330 rei,
1469 3265 1533 3319 de
1569 3282 1680 3333 qua
1716 3265 1930 3334 ayitwr,
1978 3269 2361 3346 arqumentum

324 3338 696 3407 reputaverit’.
746 3338 863 3392 Hu.
1047 3340 1101 3405 3)
1139 3335 1618 3404 mancipationem
1672 3336 1791 3390 Hu.
1849 3333 2362 3403 emancipationem

326 3410 498 3475 codd„
536 3426 766 3479 quorum
814 3411 1089 3463 lectionem
1135 3415 1317 3463 tuetur
1358 3409 1661 3462 Mommsen
1697 3407 1892 3462 Jurist.
1925 3406 2073 3460 θοὴν.
2095 3405 2138 3474 Ι,
2159 3410 2286 3473 408,
2311 3413 2357 3460 1.

327 3475 381 3552 4)
417 3483 482 3534 ut
518 3480 845 3545 uniuersum
882 3481 997 3534 eod.
1035 3497 1184 3535 unus
1221 3479 1326 3550 (Q).
1548 3481 1599 3547 5)
1639 3477 1784 3532 ferre
1822 3479 1938 3532 Hu.
1989 3478 2068 3531 ed.
2113 3482 2159 3530 1.
2200 3484 2253 3532 et
2289 3483 2360 3544 2.,

328 3554 633 3607 Mommsen
670 3552 902 3607 Staatsr.
942 3550 1035 3618 ΠΙ,
1068 3556 1189 3620 148,
1221 3549 1268 3618 1',
1311 3551 1483 3607 Cobet.
