2650 3917
426 150 557 215 110
906 149 1009 203 AD
1050 148 1285 203 GAJVM
1322 148 1677 203 PRAEFAT,
1714 149 1829 202 ΕΙ).
1869 147 1961 202 VI.

420 321 632 380 horum
663 320 1024 403 Graecorum
1059 337 1223 378 more
1260 318 1444 378 etiam
1478 318 1883 395 praenominis
1912 316 2027 377 Gai
2060 335 2202 376 usus
2232 318 2460 378 Romae

421 409 741 468 inolevisse
789 412 1003 485 potest.
2175 429 2178 431 “

555 498 653 556 Ad
713 497 1039 557 docendum
1095 497 1677 573 scribendumque
1733 516 1906 557 omne
1961 497 2228 557 studium
2276 496 2462 556 Gaius

425 587 696 646 contulit.
790 587 1140 663 conscripsit
1196 589 1362 646 ante
1414 587 1832 646 Institutiones
1886 586 2071 646 libros
2119 606 2188 645 ex
2236 584 2463 655 Quinto

424 677 622 735 Mucio
670 678 731 734 et
777 677 957 735 edicti
1002 676 1562 751 interpretationem
1610 670 1712 758 (cf.
1759 676 1906 735 Inst;
1957 680 2013 750 1,
2047 676 2200 749 1883
2256 678 2462 734 utrum

425 765 503 825 ad
549 765 729 824 edicti
773 766 1066 841 praetoris
1121 766 1341 823 urbani
1388 784 1460 824 an
1511 765 1588 823 ad
1634 766 1816 824 edicti
1868 765 2257 841 provincialis
2305 783 2464 824 com-

424 856 773 931 mentarios,
846 857 1129 930 utrosque
1195 854 1304 914 sub
1368 849 1676 914 Antonino
1742 855 1847 913 Pio
1923 855 2249 927 confectOS,
2313 854 2465 913 haec

425 944 606 1003 verba
652 944 961 1003 referenda
1017 945 1164 1017 sint,
1228 937 1587 1025 dubitatur),
1653 947 1762 1003 aut
1815 947 1980 1020 post
2042 943 2466 1002 Institutiones

426 1037 535 1091 aut
578 1035 807 1092 incerto
853 1036 1119 1109 tempore
1166 1034 1305 1107 alia,
1352 1035 1414 1091 in
1462 1053 1693 1093 summa
1739 1036 1976 1092 centum
2021 1034 2145 1092 fere
2189 1033 2397 1092 libros.

560 1123 880 1182 Excellit
924 1126 1128 1182 noster
1171 1124 1369 1182 minus
1423 1124 1665 1202 ingenio
1721 1123 2130 1198 profunditate
2187 1122 2468 1181 doctrina

427 1214 756 1290 sagacitate
800 1212 1143 1272 inventione
1192 1231 1373 1288 quam
1410 1213 1659 1272 levitate
1698 1213 1998 1291 elegantia
2033 1212 2469 1288 perspicuitate

427 1301 813 1377 simplicitate
861 1300 1294 1376 explanatione.
1389 1320 1540 1378 quae
1579 1304 1832 1361 virtutes
1868 1302 2171 1378 pedestres
2220 1301 2471 1359 secundi

428 1391 652 1450 ordinis
679 1393 829 1450 iuris
868 1392 1206 1450 consultum
1243 1410 1381 1450 eum
1408 1390 1747 1451 labentibus
1789 1391 2042 1450 saeculis
2089 1389 2470 1449 commenda-

427 1482 667 1553 verunt,
744 1499 898 1555 quae
963 1484 1024 1538 et
1086 1479 1366 1540 laudibus
1431 1500 1568 1539 eum
1631 1481 1971 1540 extulerunt
2034 1484 2094 1539 et
2165 1479 2471 1538 triverunt

427 1569 701 1628 manibus
760 1564 861 1649 (cf.
901 1589 985 1628 ex.
1026 1590 1111 1647 gr.
1152 1568 1214 1628 G.
1245 1571 1352 1631 Th.
1397 1574 1453 1645 1,
1483 1573 1542 1645 4,
1573 1573 1610 1630 3
1643 1590 1695 1630 a.
1726 1563 1904 1648 426).
1995 1572 2197 1627 utrum
2257 1568 2468 1646 Ulpia-

428 1678 538 1718 nus
584 1661 647 1716 in
695 1659 1055 1718 elaborando
1100 1659 1443 1735 regularum
1491 1659 1644 1720 libro
1691 1659 2009 1738 singulari,
2057 1660 2163 1735 qui
2209 1658 2288 1717 ad
2333 1677 2471 1716 ver-

426 1746 568 1805 bum
643 1748 848 1806 multis
921 1749 1194 1824 partibus
1259 1768 1398 1808 cum
1461 1747 1611 1809 Gaio
1677 1750 1981 1822 convenit,
2043 1747 2472 1808 Institutiones

430 1835 689 1896 Gaianas
748 1837 1086 1896 adhibuerit
1132 1856 1209 1896 an
1254 1840 1457 1914 potius
1504 1857 1575 1897 ex
1620 1840 1785 1898 fonte
1841 1836 2048 1897 eodem
2095 1855 2213 1913 quo
2261 1835 2473 1910 Gaim,

431 1929 691 1984 ceterum
729 1927 937 2004 ignoto
969 1919 1208 2007 (Sabini
1234 1928 1331 1986 vel
1362 1928 1824 1988 Sabinianomm
1863 1919 2143 2006 alicuius)
2176 1927 2473 1999 hauserit,

428 2015 493 2073 in
538 2016 766 2074 incerto
824 2017 1235 2092 relinquimus¹
1326 2017 1692 2077 Iustinianas
1738 2016 2159 2075 Institutiones
2217 2014 2474 2073 Gaianis

429 2107 747 2181 praecipue
792 2105 907 2164 niti
952 2125 1124 2164 nemo
1172 2107 1263 2164 est
1309 2108 1416 2182 qui
1458 2108 1711 2185 ignoret.

562 2193 1127 2253 Institutionum
1174 2190 1667 2257 commentarios1
1714 2198 2027 2272 quattuor,
2074 2211 2224 2270 opus
2281 2193 2474 2252 intro-

433 2283 715 2343 ducendis
770 2284 832 2342 in
899 2284 1046 2342 iuris
1111 2284 1489 2360 disciplinam
1551 2286 1845 2345 tironibus
1907 2287 2038 2342 tam
2101 2283 2475 2342 destinatum

430 2387 615 2447 quam
680 2375 915 2450 aptum,
980 2371 1164 2433 Gaius
1218 2376 1442 2450 partim
1488 2377 1628 2434 ante
1673 2374 1878 2434 Nonas
1924 2373 2177 2432 Martias
2222 2390 2277 2430 a.
2321 2373 2477 2445 161,

431 2463 654 2539 partim
699 2465 838 2539 post
883 2464 1169 2536 exaravit,
1216 2482 1350 2522 cum
1387 2464 1757 2523 Antoninum
1799 2463 1971 2521 Pium
2019 2464 2224 2521 vivum
2271 2462 2475 2536 primo

430 2550 636 2610 laudet
673 2544 846 2632 (Inst.
882 2555 937 2625 1,
971 2554 1080 2628 53;
1124 2555 1230 2625 74;
1275 2555 1419 2612 102.
1472 2557 1527 2629 2,
1563 2555 1715 2628 1263
1759 2554 1878 2612 151
1897 2544 1981 2633 a),
2018 2550 2230 2610 deinde
2260 2550 2478 2608 divum

434 2640 697 2716 appellet
735 2633 825 2722 (2,
859 2633 1033 2722 195).
1097 2642 1282 2702 libros
1332 2645 1618 2718 quattuor
1643 2663 1765 2702 una
1802 2659 2006 2701 omnes
2043 2643 2244 2717 potius
2282 2658 2479 2715 quam

433 2730 698 2807 singulos
783 2730 1059 2806 deinceps
1140 2731 1490 2806 publicavit.
1582 2731 1765 2791 libros
1847 2731 2128 2805 dicimus3
2207 2747 2478 2804 namque

431 2819 851 2879 Institutiones
887 2823 1124 2880 nostras
1162 2820 1391 2880 dictata
1429 2819 1544 2880 Grai
1588 2820 1990 2896 praeceptoris
2028 2838 2155 2879 esse
2193 2819 2481 2878 currente

435 2907 663 2968 calamo
727 2909 790 2967 in
865 2908 1208 2968 auditorum
1279 2910 1678 2988 pugillaribus
1753 2913 1997 2985 excepta
2062 2913 2122 2968 et
2185 2908 2260 2968 ab
2334 2908 2485 2983 ipso

434 2995 585 3056 Gaio
640 2999 864 3074 publici
927 3000 1077 3057 iuris
1136 3000 1327 3077 facta,
1393 2999 1526 3059 ideo
1582 2999 1819 3059 videtur
1865 2998 2277 3073 refutandum,
2325 2998 2487 3072 quia

435 3086 495 3145 et
567 3089 854 3147 orationis
926 3090 1088 3147 nitor
1161 3091 1221 3148 et
1282 3090 1349 3146 in
1410 3088 1584 3148 rebus
1658 3087 2079 3164 componendis
2152 3087 2490 3165 diligentia

431 3175 807 3251 pessumdari
886 3179 987 3236 via
1057 3177 1167 3236 illa
1241 3177 1437 3237 solent
1507 3197 1698 3253 neque
1779 3177 2103 3236 verisimile
2177 3179 2271 3234 est
2343 3196 2485 3235 ma-

435 3447 439 3451 .
580 3404 632 3470 1)
670 3403 1103 3458 commentarius
1153 3403 1292 3472 quid
1331 3402 1630 3474 significet,
1666 3402 1882 3471 optime
1909 3401 2171 3470 exposuit
2196 3402 2265 3456 R.
2284 3399 2496 3473 Frese,

431 3474 699 3543 -Beitrage
735 3492 833 3528 zur
868 3473 1239 3544 Beurteilung
1277 3475 1378 3529 der
1414 3472 1662 3544 Sprache
1701 3474 1952 3542 Caesare,
1988 3472 2274 3528 Munehen
2318 3480 2502 3547 1900,

433 3570 487 3620 p.
523 3555 585 3603 11
610 3566 690 3617 sq.
