2650 3917
369 158 496 222 112
846 157 947 210 AD
987 154 1225 210 GAIVM
1261 154 1616 210 PRAEFAT.
1657 154 1771 210 ED.
1810 151 1903 210 Vl.

501 324 833 404 Syntagma
887 324 1361 386 Institutionum
1437 343 1674 385 novum.
1796 322 1911 384 Gai
1981 325 2405 386 Institutiones

362 418 513 475 iuris
570 415 762 474 civilis
818 415 1076 474 Romani
1139 413 1466 473 secundum
1512 412 1794 474 Guilelmi
1843 415 2213 474 Studemund
2277 416 2407 475 cod.

365 505 504 566 Ver.
562 504 944 564 collationem
999 503 1150 564 edid.
1208 502 1436 563 emend.
1493 504 1769 579 notisque
1811 504 2163 578 illustravit,
2217 522 2406 582 appo-

362 595 501 654 sitis
553 594 874 653 Iustiniani
926 592 1448 665 InstitutionibuS,
1511 591 1589 652 iis
1645 592 1885 669 quidem
1941 612 2012 653 ex
2064 594 2409 654 recensione

366 682 544 742 Pauli
587 682 858 761 Krueger
900 682 1023 741 fere
1084 682 1383 758 repetitis,
1440 680 1518 739 ad
1561 681 1723 741 locos
1779 682 2118 758 deperditos
2175 683 2407 742 lumina

363 772 589 831 adiecit
642 791 713 830 ex
777 774 1036 848 epitome
1102 769 1362 845 Gaiana,
1419 770 1669 847 Ulpiani
1731 771 2086 848 fragmentis
2151 772 2409 849 aliisque

366 862 435 923 B.
483 861 529 921 I.
576 861 950 921 Polenaar.
1042 859 1231 938 Lugd.
1279 859 1494 920 Batav.
1546 861 1736 921 1876.

499 951 957 1011 Institutionum
1005 951 1073 1009 ,et
1133 951 1480 1026 regularum
1541 950 1690 1009 iuris
1755 950 2011 1009 Romani
2084 952 2410 1028 syntagma.

364 1041 457 1100 ed.
505 1040 574 1102 R.
624 1038 895 1100 Gneist.
985 1038 1148 1115 Lips.
1200 1039 1390 1099 1880.

500 1130 814 1189 Institutes
874 1129 948 1188 de
1008 1127 1192 1188 Gaius
1252 1121 1485 1204 d’apres
1544 1128 2001 1206 l'apographum
2060 1128 2132 1188 de
2195 1128 2410 1188 Stude-

363 1219 569 1293 mund,
616 1221 938 1278 contenant
986 1220 1053 1277 1⁰
1099 1217 1198 1277 Au
1239 1220 1432 1290 texte,
1487 1217 1548 1275 la
1592 1218 2015 1292 reproduction
2072 1217 2153 1276 du
2198 1237 2410 1277 manu-

364 1310 513 1368 scrit
572 1309 643 1366 de
689 1301 926 1366 Verone
981 1325 1118 1368 sans
1175 1306 1569 1384 changement
1623 1308 1689 1364 ni
1742 1307 2030 1368 addition.
2125 1309 2194 1365 2⁰
2240 1307 2412 1368 Dans

366 1398 454 1457 les
500 1400 694 1471 noteS,
752 1398 837 1456 les
882 1396 1260 1456 restitutione
1307 1397 1369 1454 et
1413 1396 1498 1454 les
1555 1396 1914 1456 corrections
1969 1390 2287 1473 proposees
2335 1417 2411 1456 en

365 1487 740 1565 Allemagne,
802 1506 875 1545 en
920 1486 1148 1545 Franco
1203 1488 1267 1543 et
1326 1485 1586 1559 ailleurs,
1633 1486 1825 1544 suivie
1872 1486 2048 1545 d'une
2094 1485 2256 1545 table
2306 1487 2411 1546 des

369 1577 568 1653 lecons
613 1576 919 1635 nouvelles
965 1594 1078 1652 par
1122 1575 1342 1633 Ernest
1386 1574 1676 1634 Dubois.
1768 1574 1940 1634 Paris
1992 1575 2180 1635 1881.

501 1666 626 1724 The
672 1664 987 1724 Institutes
1042 1664 1110 1723 of
1176 1662 1363 1724 Gaius
1429 1662 1550 1722 and
1613 1663 1794 1723 Rules
1858 1665 1927 1722 of
1985 1663 2210 1741 Ulpian
2223 1710 2238 1738 ,
2302 1666 2410 1725 the

363 1756 591 1814 former
635 1756 790 1813 from
832 1753 1252 1813 Studemund’s
1288 1753 1620 1830 Apograph
1666 1754 1734 1812 of
1772 1754 1876 1812 the
1915 1753 2153 1813 Verona
2192 1752 2414 1829 Codex,

367 1845 520 1904 with
565 1844 928 1903 translation
976 1841 1095 1902 and
1140 1845 1309 1902 notes
1322 1887 1338 1917 ,
1386 1841 1619 1901 critical
1666 1841 1783 1901 and
1830 1843 2241 1920 explanatory,
2289 1845 2415 1903 and

365 1935 613 2010 copious
660 1932 1061 2009 alphabetical
1108 1930 1319 2010 digest,
1365 1931 1447 2008 by
1491 1930 1531 1988 J
1535 1949 1697 1991 ames
1745 1932 2134 1997 Muirhead.
2227 1932 2415 1991 Edin-

369 2022 561 2101 burgh
612 2023 801 2082 1895.

505 2113 774 2170 Nostra
819 2111 1047 2170 editio
1093 2113 1158 2170 in
1194 2129 1369 2168 usum
1407 2109 1810 2168 academicum
1838 2113 2054 2187 parata
2084 2113 2415 2188 praecipue

365 2201 590 2260 nititur
643 2200 991 2278 apographo
1042 2199 1555 2260 Studemundiano
1601 2230 1691 2240 -
1736 2199 1909 2259 nobis
1953 2199 2011 2257 V
2058 2224 2142 2240 -·-
2189 2201 2416 2262 iterum

365 2290 650 2369 diligenti
703 2308 846 2348 cura
900 2289 1186 2349 adhibito,
1279 2288 1550 2364 Philippi
1606 2287 1877 2347 Eduardi
1929 2289 2214 2348 Huschke
2272 2309 2414 2351 con-

368 2380 646 2453 iecturaS,
693 2379 798 2438 ubi
842 2378 1123 2437 eximium
1168 2377 1286 2437 viri
1330 2379 1639 2456 ingenium
1684 2377 1952 2438 redolent
1965 2424 1980 2454 ,
2023 2381 2416 2455 respeximus,

365 2467 478 2527 ubi
521 2469 659 2545 plus
704 2468 871 2527 licito
919 2467 1141 2526 audent
1184 2467 1283 2526 vel
1330 2469 1435 2526 aut
1479 2466 1874 2527 Latinitatem
1919 2470 2026 2527 aut
2071 2469 2168 2528 ius
2225 2469 2416 2548 offen·

367 2557 540 2632 dunt,
586 2557 916 2617 reiecimuS.
1010 2559 1199 2617 artem
1255 2556 1561 2615 nesciendi
1610 2558 1757 2616 satis
1814 2557 2055 2617 fortiter
2108 2577 2180 2617 ex
2235 2578 2416 2636 prae-

368 2649 564 2706 stanti
611 2646 1007 2706 Studemundi
1051 2646 1299 2706 consilio
1357 2645 1738 2706 exercuimus.
1832 2646 2088 2706 aliorum
2141 2649 2419 2708 virorum

366 2736 682 2796 doctorum
744 2738 1112 2796 coniecturas
1176 2737 1511 2795 memoratu
1576 2733 1805 2812 dignas,
1868 2735 2164 2811 imprimis
2229 2736 2423 2799 Pauli

371 2826 641 2903 Krueger
712 2824 1131 2885 adnotavimus
1206 2817 1307 2906 (de
1372 2824 1584 2883 ceteris
1647 2823 1722 2884 cf.
1768 2824 1856 2883 ed.
1904 2824 2132 2885 Dubois
2185 2822 2415 2903 1881).

367 2914 480 2974 ubi
524 2916 590 2973 in
637 2918 933 2990 apparatu
985 2916 1192 2973 critico
1250 2913 1666 2990 supplementa
1720 2915 2133 2990 proponimus,
2187 2913 2419 2977 litteris

369 3002 696 3062 diductis
741 3004 1008 3079 imprimi
1052 3003 1299 3062 fecimus
1347 3021 1434 3075 ea,
1483 3020 1638 3078 quae
1684 3002 1741 3059 V
1787 3005 2069 3078 praestat.

510 3090 906 3151 Contextus
964 3091 1241 3151 editionis
1288 3092 1545 3168 vestigia
1603 3092 1935 3170 apographi
1979 3095 2233 3168 pressim
2280 3115 2420 3172 per-

368 3183 658 3258 sequitur.
750 3185 924 3241 notas
970 3199 1201 3254 omnes,
1247 3182 1310 3240 in
1364 3181 1638 3240 formulis
1694 3182 1881 3241 etiam
1933 3182 2422 3260 praenominum,

370 3272 807 3346 exscripsimus,
849 3271 979 3330 sola
1024 3289 1417 3329 numerorum>
1442 3272 1615 3347 signa
1660 3273 2001 3331 retinentes.
2095 3271 2422 3352 orthogra-

374 3359 580 3437 phiam
634 3359 879 3433 codicis,
935 3362 1225 3436 quantum
1274 3358 1454 3420 hodie
1499 3360 1644 3418 ferri
1696 3378 1868 3436 posse
1914 3360 2049 3420 visa
2092 3364 2214 3440 est,
2270 3367 2425 3423 reti-

367 3451 628 3523 nuimuS,
657 3452 1031 3508 constantem
1058 3449 1552 3527 orthographiam
1579 3467 1700 3507 non
1736 3449 2123 3511 adfectantes.
2191 3452 2428 3516 menda

368 3540 701 3615 scripturae
748 3539 973 3598 leviora
1021 3542 1080 3599 et
1126 3540 1448 3599 manifesta
1491 3538 1664 3598 taciti
1726 3540 2098 3600 correximus.
2195 3543 2433 3623 cetera,
