2650 3917
240 623 344 672 209

382 189 513 252 354
1071 188 1197 242 GAI
1230 188 1487 242 INSTIT.
1524 188 1602 241 IV
1639 192 1725 242 60.
1800 240 1807 247 ,

383 351 844 437 conprehendi,
898 355 974 417 ut
1018 352 1131 435 qui
1176 352 1346 417 forte
1393 349 1687 416 Stichum
1743 355 1807 415 et
1853 350 2120 415 Erotem
2176 349 2428 433 emerit,

380 445 553 506 recte
599 439 929 505 uideatur-¹
963 442 1055 505 ita
1102 440 1568 506 demonstrare:
1615 441 1791 524 quod
1827 462 1949 526 ego
1988 439 2065 504 de
2102 444 2167 504 te
2212 439 2425 505 homi-

379 552 529 595 nem
577 528 844 596 Erotem
891 531 1045 613 emi,
1100 535 1166 595 et
1194 530 1268 595 si
1313 530 1502 614 uelit,
1557 530 1636 594 de
1684 528 1910 596 Sticho
1966 530 2095 594 alia
2138 530 2428 594 formula

381 617 655 684 iterum²
699 623 869 706 agat,
915 621 1069 704 quia
1111 641 1340 684 uerum
1388 623 1486 684 est
1532 641 1699 703 eum,
1739 620 1748 701 Ι
1790 619 1903 702 qui
1951 618 2112 683 duos
2173 618 2426 693 emerit,

331 733 343 744 ·
384 707 675 796 singulos
737 729 995 792 quoque
1053 709 1310 793 emisse3
1371 708 1565 793 idque
1623 708 1716 772 ita
1774 708 2051 772 maxime
2095 706 2433 771 Labeoni⁸

380 799 595 865 uisum
644 801 758 863 est.
852 797 963 862 sed
1009 798 1064 861 si
1119 798 1204 882 is‘,
1262 797 1375 882 qui
1438 820 1639 862 unum
1702 798 1957 880 emerit,
2023 797 2101 862 de
2165 797 2433 862 duobus

382 888 605 974 egerit,
649 886 888 952 falsum
936 886 1349 951 demonstrat.
1440 886 1610 950 idem
1649 890 1713 951 et
1749 886 1818 950 in
1863 887 2008 950 aliis
2056 886 2425 950 actionibus

383 980 498 1061 est,
562 975 747 1041 uelut
810 976 1201 1041 commodati
1258 979 1325 1039 et
1381 974 1675 1060 depositi.
1768 973 1861 1041 60.
1911 973 2039 1039 Sed
2081 996 2201 1040 nos
2247 976 2427 1059 apud

383 1064 694 1149 quosdam
756 1065 1066 1149 scriptum
1134 1065 1502 1130 inuenimus
1558 1065 1628 1129 in
1690 1066 1944 1130 actione
2010 1064 2289 1149 depositi
2355 1068 2431 1128 et

380 1154 657 1238 denique
692 1152 760 1218 in
808 1153 1036 1219 ceteris
1084 1154 1406 1238 omnibus,
1442 1176 1521 1219 ex
1569 1153 1804 1237 quibus
1851 1153 2187 1218 damnatus
2224 1174 2431 1219 unus-

382 1244 653 1328 quisque
700 1243 1059 1330 ignominia
1101 1246 1384 1327 notatur,
1429 1265 1595 1326 eum,
1642 1243 1756 1327 qui
1800 1242 1947 1327 plus
1996 1265 2189 1326 quam
2230 1265 2421 1326 opor·

380 1337 548 1397 teret
595 1332 1150 1414 demonstrauerit,
1195 1331 1382 1397 litem⁴
1425 1332 1718 1417 perdere,
1764 1331 1949 1396 uelut
1994 1332 2050 1396 si
2096 1333 2242 1417 quis
2289 1352 2425 1396 una.

379 1420 486 1485 re4
533 1421 826 1505 deposita
882 1421 1039 1486 duas
1103 1421 1407 1506 pluresue
1463 1442 1528 1487 se
1591 1420 1958 1504 deposuisse
2023 1421 2433 1485 demonstra-·

378 1511 569 1595 uerit,
607 1514 720 1574 aut
746 1510 802 1574 si
830 1510 904 1593 is,
942 1511 1047 1574 cui
1084 1533 1306 1596 pugno
1344 1511 1515 1575 mala
1551 1532 1854 1595 percussa
1892 1514 2006 1595 est,
2044 1511 2114 1574 in
2160 1512 2419 1575 actione

379 1599 761 1664 iniuriarum
822 1599 1016 1663 etiam
1081 1599 1273 1664 aliam
1339 1604 1590 1683 partem
1657 1596 1983 1683 corporis⁵
2045 1620 2418 1684 percussam

379 1689 504 1754 sibi
552 1689 1121 1773 demonstrauerit3
1171 1688 1345 1772 quod
1381 1710 1464 1753 an
1510 1689 1854 1753 debeamus
1904 1689 2158 1753 credere
2195 1689 2421 1754 uerius

379 1800 536 1862 esse,
584 1778 961 1864 diligentius
1006 1780 1425 1862 requiremus.
1519 1781 1690 1843 certe
1737 1799 1883 1842 cum
1924 1778 2086 1842 duae
2132 1780 2266 1843 sint
2313 1778 2428 1842 de·-

378 1869 580 1952 positi
624 1868 969 1950 formulae,
1014 1866 1143 1932 alia
1186 1869 1255 1932 in
1302 1869 1403 1931 ius
1457 1870 1792 1952 concepta,
1849 1866 1977 1932 alia
2021 1869 2091 1932 in
2150 1868 2422 1952 factum,

378 1959 549 2022 sicut
577 1979 787 2040 supra
842 1970 1099 2040 quoque
1162 1957 1562 2041 notauimus‚
1618 1960 1692 2020 ‘et
1748 1958 1814 2020 in
1862 1978 1936 2020 ea
1983 1956 2242 2040 quidem
2289 1958 2417 2022 for-

376 2047 571 2129 mula,
618 2067 782 2129 quae
828 2045 897 2108 in
941 2047 1043 2110 ius
1089 2049 1402 2130 concepta
1436 2050 1554 2129 est,
1599 2046 1787 2109 initio
1825 2067 1946 2128 res,
1994 2046 2070 2110 de
2117 2067 2246 2129 qua
2282 2047 2423 2131 agi-

377 2140 500 2219 tur,
549 2134 1088 2200 demonstratorio
1135 2135 1327 2199 modo
1377 2134 1774 2221 designetur,
1826 2134 2054 2199 deinde
2100 2134 2426 2200 inferatur

377 2223 536 2289 iuris
609 2220 924 2288 intentio⁶
986 2223 1088 2288 his
1161 2223 1408 2288 uerbis:
1483 2240 1829 2300 Qvanvm
1900 2239 1990 2288 OB
2058 2241 2203 2287 EAM
2268 2242 2421 2288 REM

377 2330 600 2377 1LLvM
638 2330 785 2376 ILLI
822 2329 1020 2377 DARE·
1058 2329 1333 2377 FACERE
1382 2328 1732 2396 OPORTET,
1776 2313 1844 2376 in
1882 2310 1992 2376 ea⁷
2028 2333 2201 2397 uere,
2250 2335 2421 2397 quae

376 2403 447 2467 in
491 2402 735 2467 factum
790 2407 1099 2485 concepta
1162 2408 1249 2467 est
1258 2451 1273 2482 ‚
1338 2403 1554 2467 statim
1610 2401 1798 2466 initio
1863 2402 2239 2467 intentionis
2286 2403 2417 2467 alio

376 2492 569 2556 modo
607 2513 730 2574 ree,
768 2491 847 2555 de
885 2513 1014 2576 qua
1058 2491 1293 2576 agitur,
1343 2491 1715 2575 designetur
1750 2491 1854 2555 his
1898 2490 2146 2555 uerbis:
2194 2508 2258 2577 sl
2295 2508 2427 2555 PA-·

377 2597 515 2645 ΒΕΤ
565 2597 789 2644 ILLVM
835 2596 1024 2644 APVD
1072 2605 1263 2644 amru
1301 2605 1432 2645 nm
1469 2596 1691 2643 ILLAM
1737 2595 2183 2664 nnPosvlssn,
2233 2579 2421 2645 dubi-

376 2674 515 2734 tare
558 2691 692 2734 non
749 2669 1081 2752 debemus,
1139 2669 1296 2752 quin
1345 2672 1401 2734 si
1448 2669 1592 2753 quis
1649 2668 1719 2732 in
1772 2669 2076 2752 formula,
2133 2690 2298 2752 quae
2345 2670 2423 2734 in

376 2760 620 2824 factum
684 2760 1043 2842 composita
1090 2762 1205 2841 est,
1266 2760 1487 2844 plures
1546 2780 1647 2822 res
1694 2757 2153 2843 designauerit,
2219 2780 2421 2842 quam

378 2847 765 2933 deposuerit,
809 2847 993 2911 litem
1038 2847 1282 2932 perdat,
1330 2847 1482 2931 quia
1519 2847 1589 2911 in
1625 2846 1984 2911 intentione
2022 2846 2171 2929 plus
2206 2846 2413 2935 posu-l

522 3006 572 3074 1)
609 3004 840 3058 uidetur
875 3004 941 3059 V.
1089 3006 1144 3073 2)
1182 3004 1387 3058 iterum
1426 3005 1544 3059 Hu.
1593 3003 1653 3056 id
1690 3004 1757 3058 V.
1905 3005 1956 3070 3)
1994 3002 2307 3075 laticoni(?)
2345 3004 2422 3058 V.

376 3078 430 3146 4)
468 3077 550 3131 rei
586 3076 654 3131 V.
843 3077 896 3146 5)
936 3075 1241 3145 corporalis
1279 3076 1347 3129 V.
1548 3077 1601 3144 6)
1638 3074 1878 3129 intentio
1918 3075 2208 3145 Boeekiny.
2285 3092 2423 3129 con—

376 3147 559 3202 tentio
595 3147 666 3201 V.
814 3151 864 3216 7)
904 3163 1030 3201 eam
1066 3147 1133 3201 V.
1645 3172 1649 3177 v

521 3294 551 3353 ἓ
592 3293 675 3343 60.
733 3289 1072 3360 ignominia]
1111 3290 1180 3356 cf.
1219 3290 1377 3356 infra
1415 3295 1464 3355 4,
1497 3293 1615 3344 182.
1691 3306 1880 3359 pugno
1927 3287 2079 3343 mala
2122 3259 2434 3362 percussa]-

376 3361 455 3443 pf.
505 3361 692 3443 Ifflaut.
749 3361 912 3415 Asin.
963 3365 1012 3427 2,
1044 3366 1094 3429 2,
1126 3365 1227 3414 104
1258 3386 1326 3405 =
1359 3364 1479 3415 371.
1582 3360 1760 3415 Senec.
1809 3360 1875 3414 de
1929 3361 2098 3444 benef.
2148 3366 2198 3428 2,
2238 3366 2325 3430 35,
2365 3368 2417 3415 2.

376 3430 1066 3574 ῗὲξῗπὲἒὲἓμξῗωῗοέἕῑ
1094 3437 1231 3557 1)ῖὲ
1267 3432 1619 3573 (ῗῗέἒὲῗᾶῑ
1654 3431 2054 3572 15335‘·4¹7'²‘{{›²·
2085 3438 2144 3557 ξ’
2220 3434 2419 3574 Ὓῧῗ]

379 3543 555 3641 13339).
631 3573 796 3627 Paul.
837 3578 885 3638 2,
917 3579 1004 3639 31,
1034 3579 1117 3626 22.
1196 3544 1354 3629 Cim&
1395 3579 1445 3641 5,
1476 3580 1523 3627 2.
1920 3543 1951 3601 ’ν
2038 3545 2052 3570 ’
2125 3522 2218 3573 μ’
2353 3522 2424 3574 ²⁰⁶
