2650 3917
314 141 393 197 VI
756 140 1102 200 HVSCHKH
1134 138 1547 196 PRAEFATIO
1584 139 1685 195 AD
1722 140 1838 195 ED.
1875 140 1916 194 1.

312 311 466 376 iuris
504 310 808 385 studiosiS,
846 330 1026 387 quam
1063 310 1208 369 viris
1245 311 1398 369 iuris
1434 310 1664 385 peritis.
1738 314 1934 370 servet
1970 310 2085 370 sibi
2122 312 2344 371 amicos

317 402 565 474 vetere8‚
603 402 855 476 quaerat
889 418 1074 460 novos
1110 402 1240 458 tam
1275 399 1393 459 sibi
1431 416 1612 474 quam
1648 398 1849 459 nobis!

450 523 806 601 Scripsimus
843 524 1112 584 Berolini
1145 544 1222 583 m.
1260 523 1300 582 J
1303 522 1553 583 anuario
1592 541 1645 582 a.
1684 522 2166 583 MDOOOOVIII.

1421 641 1495 709 E.
1540 641 1794 709 Seckel.
1867 642 1940 709 Β.
1986 641 2257 710 Kfibler.
2322 699 2328 704 .

1140 884 1565 894 n———fflnmffi

565 1055 695 1121 HV
698 1056 994 1124 SCHKII
1039 1059 1160 1124 AD
1209 1058 1560 1127 PRIMAM
1606 1054 2107 1127 EDITIONEM

1073 1166 1591 1234 PRAEFATIO.

457 1291 605 1353 Cum
642 1298 781 1354 ante
818 1296 930 1355 hoc
973 1296 1281 1357 biennium
1330 1303 1388 1357 et
1434 1298 1594 1375 quod
1641 1297 1896 1372 excedit,
1947 1315 1981 1353 a
2016 1293 2347 1368 bibliopola.

314 1384 387 1442 de
416 1385 580 1442 omni
607 1403 820 1462 genere
857 1384 1149 1445 bonarum
1184 1387 1522 1447 litterarum
1559 1387 1943 1446 meritissimo
1979 1402 2241 1460 rogarer,
2277 1385 2348 1442 ut

313 1475 378 1533 in
416 1472 642 1532 edenda
677 1492 836 1534 nova
879 1475 1270 1550 reliquiarum
1304 1478 1457 1536 iuris
1495 1476 1692 1537 civilis
1739 1473 2192 1534 anteiustiniani
2228 1471 2347 1532 col-

313 1562 586 1636 lectione,
623 1580 775 1638 quae
811 1564 1018 1623 usibus
1057 1564 1298 1640 quidem
1334 1567 1590 1625 maxime
1629 1565 1982 1625 academicis
2020 1580 2344 1621 accommo-

314 1651 486 1727 data,
535 1651 641 1710 sed
676 1654 863 1711 etiam
907 1652 1146 1714 dotibus
1193 1655 1317 1715 suis
1366 1658 1573 1716 nostro
1618 1658 1886 1729 tempore
1931 1671 2054 1712 non
2096 1649 2347 1729 indigna

315 1744 497 1815 esset,
542 1741 791 1801 consilio
839 1745 1019 1818 atque
1067 1762 1250 1819 opera
1289 1764 1424 1804 mea
1474 1764 1610 1804 eum
1660 1743 2033 1815 adiuvarem,
2075 1740 2348 1799 intellen'

317 1828 559 1905 quidem
596 1848 745 1906 opus
797 1833 858 1890 et
901 1832 1326 1892 informatione
1374 1836 1436 1893 et
1481 1833 1843 1909 perfectione
1891 1830 2144 1890 arduum
2180 1848 2219 1891 a
2251 1848 2348 1887 me

318 1917 658 1977 desiderari.
752 1917 1039 1997 Cogitans
1075 1925 1278 1981 tamen
1317 1941 1600 2001 magnam
1633 1922 1721 1982 rei
1760 1921 2090 1979 utilitatem
2127 1920 2190 1980 et
2224 1921 2345 1977 stu·

314 2007 553 2067 diorum
588 2027 855 2068 meorum
891 2029 1009 2069 non
1048 2011 1306 2069 alienam
1344 2031 1380 2069 a
1415 2011 1529 2070 tali
1566 2030 1741 2087 opere
1777 2011 2103 2082 rationem,
2149 2006 2348 2067 deesse

317 2095 624 2156 desideriis
673 2098 1081 2158 honestissimi
1127 2102 1246 2159 viri
1291 2102 1461 2160 nolui
1498 2103 1560 2159 et
1604 2100 1793 2159 alacri
1838 2098 2037 2158 studio
2078 2117 2206 2156 rem
2244 2115 2347 2173 ag-

316 2204 551 2264 gressus
588 2205 735 2245 sum.
816 2188 949 2247 Iam
987 2188 1063 2248 ad
1099 2189 1277 2248 finem
1312 2179 1602 2266 perducto
1640 2206 1816 2264 opere
1853 2187 2029 2247 video
2066 2186 2179 2246 hoc
2214 2186 2346 2245 loco

316 2277 646 2350 exspectari
684 2295 718 2333 a
753 2295 867 2350 me,
903 2280 990 2354 ut,
1030 2278 1189 2353 quod
1223 2280 1287 2337 in
1327 2298 1396 2339 eo
1434 2278 1780 2338 adornando
1819 2276 2136 2337 consilium
2187 2293 2347 2336 secu·

314 2367 415 2424 tus
451 2366 582 2438 sim,
620 2384 927 2440 exponam.

450 2451 613 2522 Quae
642 2454 934 2530 expositio
961 2458 1028 2514 in
1053 2459 1174 2516 tres
1202 2461 1406 2532 partes
1436 2456 1739 2516 commode
1768 2456 2153 2532 dispescetur.
2218 2453 2346 2512 Pri-

312 2561 480 2601 mum
536 2543 696 2601 enim
748 2546 1080 2619 quaeritur.
1145 2565 1300 2621 quae
1356 2546 1738 2623 antiquitatis
1792 2537 2176 2606 monumenta
2229 2544 2343 2602 hac

315 2631 664 2691 collectione
682 2635 1023 2709 receperim,
1045 2635 1255 2694 deinde
1286 2633 1789 2711 quemadmodum
1808 2652 1878 2693 ea
1898 2634 2347 2709 composuerim,

314 2724 616 2795 postremo
654 2723 950 2798 quomodo
989 2725 1229 2801 singula
1262 2725 1661 2783 instruxerim.

448 2809 547 2869 Ad
581 2811 839 2885 primam
890 2814 1302 2887 quaestionem
1350 2813 1512 2889 quod
1563 2815 1808 2886 attinet,
1858 2831 1993 2871 cum
2039 2816 2100 2871 et
2134 2810 2349 2870 biblio-

315 2899 490 2975 polae
520 2901 581 2958 et
606 2918 738 2958 meo
776 2901 1024 2961 consilio
1054 2902 1131 2961 ad
1157 2904 1251 2962 ius
1291 2901 1465 2962 civile
1505 2903 2038 2961 anteiustinianum
2067 2919 2135 2959 eo
2174 2918 2351 2960 sensu

316 2988 545 3065 sylloge
582 2992 787 3047 nostra
822 2994 1138 3065 spectaret,
1175 3011 1294 3068 quo
1323 2992 1517 3050 solum
1545 2991 1641 3050 ius
1677 2991 2063 3066 prudentium
2090 2990 2350 3048 auctori·

310 3079 441 3136 tate
493 3079 885 3138 constitutum
934 3080 1336 3158 intellegitur,
1386 3082 1844 3140 constitutiones
1895 3079 2237 3155 principum
2273 3077 2350 3137 ab

317 3185 388 3225 ea
435 3166 645 3241 procul
695 3167 1002 3227 habendae
1062 3174 1262 3244 erant,
1311 3172 1375 3229 et
1422 3189 1496 3229 ne
1546 3170 1659 3228 hoc
1705 3171 1775 3228 in
1822 3167 2071 3227 dubium
2121 3168 2353 3227 veniret

317 3246 726 3334 (meminimus
779 3257 963 3333 enim,
1014 3262 1074 3317 et
1125 3257 1459 3319 Gustavum
1504 3258 1824 3336 Hugonem
1875 3259 1935 3315 et
1979 3254 2155 3316 ICtos
2192 3256 2350 3316 Bon-

315 3362 525 3403 nenses
562 3345 777 3405 latiore
808 3364 987 3406 sensu
1016 3347 1161 3406 iuris
1201 3348 1398 3407 civilis
1436 3349 1798 3408 mentionem
1824 3348 1946 3407 suis
1984 3345 2351 3405 collectioni-

315 3433 427 3493 bus
465 3434 647 3492 etiam
685 3433 932 3496 Codices
979 3438 1481 3496 constitutionum
1525 3435 2055 3512 complectentibus
2100 3435 2351 3511 inscrip-

314 3515 495 3604 sisse)
509 3567 525 3598 ,
581 3524 911 3584 Antonium
971 3523 1418 3604 Schultingium
1474 3529 1733 3601 secutuS,
1787 3527 1996 3586 statim
2048 3525 2116 3583 in
2168 3524 2351 3585 titulo
