2650 3917
349 174 482 239 478
803 174 1102 230 VLPIANI
1137 175 1479 230 REGVLAE
1516 175 1698 231 XXIV
1734 180 1926 230 8—13.

350 338 595 404 fuerint
627 360 718 403 ex
764 336 937 404 iure¹
984 337 1353 415 Quiritium.
1446 338 1500 404 8.
1547 338 1672 403 Per
1717 338 2198 403 damnationem
2253 360 2393 402 om-

350 450 463 492 nes
509 450 611 493 res
656 428 857 513 legari
904 432 1193 512 possunt,
1240 428 1437 492 etiam
1474 450 1637 512 quae
1674 450 1807 492 non
1844 432 1997 492 sunt
2031 426 2391 510 testatoris,

353 517 701 582 dummodo
741 516 901 581 tales
940 518 1086 601 sint,
1124 539 1288 601 quae
1326 517 1466 582 dari
1492 517 1762 601 possint.
1854 518 1907 581 9.
1952 515 2150 582 Liber
2186 517 2390 581 homo

353 611 467 671 aut
511 627 613 670 res
659 606 884 691 populi
932 610 1044 670 aut
1090 627 1269 670 sacra
1313 610 1427 671 aut
1463 606 1771 692 religiosa
1815 627 1934 671 nec
1968 628 2085 690 per
2132 606 2397 670 damna-

353 697 598 761 tionem
687 695 892 781 legari
983 699 1225 779 potest,
1316 696 1624 779 quoniam
1708 695 1846 760 dari
1926 717 2060 758 non
2102 695 2107 700 ’
2153 699 2392 779 potest.

351 785 440 851 10.
498 782 763 850 Sinendi
809 784 999 849 modo
1054 784 1260 870 legari
1304 788 1578 868 possunt
1632 806 1733 848 res
1779 785 2081 869 propriae
2126 788 2399 848 testato-

352 874 444 938 ris
475 878 541 938 et
568 872 820 939 heredis
859 874 1011 937 eius,
1084 874 1163 939 11.
1190 873 1315 937 Per
1341 875 1857 959 praeceptionem
1883 874 2087 959 legari
2116 877 2396 957 possunt

356 985 475 1047 res,
489 963 1913 1137 1113ὃὲ1θὲΐῗθεῗθᾎιὲῗᾶῐιιῖῗιῇωῇἡτοᾳυθ
1957 1055 2256 1135 tempore
2308 1056 2396 1115 te-

357 1142 620 1207 statoris
650 1162 729 1205 ex
755 1143 893 1205 iure
909 1140 933 1177 ²
962 1139 1330 1225 Quiritium,
1362 1162 1478 1225 per
1504 1141 2005 1205 uindicationem
2041 1140 2262 1227 legata
2289 1141 2396 1224 sit,

355 1230 505 1296 lieet
570 1233 708 1295 iure
773 1230 952 1294 ciuili
1014 1252 1145 1294 non
1197 1230 1416 1294 ualeat
1472 1230 1780 1316 legatum,
1842 1234 2062 1294 tamen
2128 1233 2396 1295 senatus

356 1320 652 1384 consulto
680 1318 1052 1384 Neroniano
1090 1317 1447 1406 firmatur23
1488 1341 1615 1403 quo
1646 1324 1906 1384 cautum
1945 1322 2060 1402 est,
2101 1323 2177 1384 ut
2216 1320 2395 1403 quod

355 1410 572 1473 minus
618 1407 826 1496 aptis⁸
869 1407 1083 1472 uerbis
1119 1408 1407 1493 legatum
1443 1412 1560 1491 est,
1606 1407 1869 1492 perinde
1917 1411 2022 1491 sit,
2068 1428 2144 1472 ac
2188 1408 2247 1472 si
2283 1430 2398 1492 op-

356 1499 518 1563 timo
574 1498 713 1562 iure
757 1498 1045 1584 legatum
1103 1497 1331 1562 esset4:
1387 1498 1704 1581 optimum
1759 1501 1972 1561 autem
2031 1497 2134 1561 ius
2188 1496 2395 1582 legati

355 1610 471 1673 per
517 1587 990 1652 damnationem
1039 1589 1153 1651 est.

144 1686 248 1736 200
260 1699 342 1738 aa
490 1676 578 1741 12.
628 1676 697 1741 Si
736 1676 988 1741 duobus
1026 1676 1248 1740 eadem
1283 1698 1384 1740 res
1420 1696 1536 1760 per
1586 1675 2084 1740 uindicationem
2125 1676 2135 1760 Ι
2175 1674 2398 1761 legata

358 1767 444 1831 sit
500 1763 675 1830 siue⁶
720 1766 1132 1848 coniunctim,
1178 1763 1387 1829 uelut:
1448 1781 1640 1829 ‘nno
1696 1781 1790 1829 ΕΤ
1848 1781 2007 1829 saxo
2055 1781 2397 1829 nonnum

357 1853 707 1921 εἸἹΟΗνΜ6
735 1872 832 1921 Do
871 1870 1077 1939 LEGO,
1104 1855 1240 1919 siue
1275 1854 1654 1933 disiunctim‚
1681 1853 1883 1918 uelut:
1923 1878 2080 1917 Tmo
2116 1878 2400 1918 nemum

358 1968 622 2009 STIGHVM
662 1968 736 2008 Do
782 1968 946 2027 LEGO,
994 1967 1129 2007 SEIO
1172 1968 1425 2007 EVNDEM
1454 1967 1733 2007 HOMINEM
1763 1967 1839 2005 Do
1875 1967 2027 2006 LEGo
2037 1940 2080 2026 ⁷,
2127 1963 2397 2007 concur-

357 2057 430 2100 su
467 2037 681 2118 partes
719 2031 947 2117 fiunt⁸;
982 2054 1116 2098 non
1153 2029 1609 2097 concurrente⁹
1644 2031 1847 2095 altero
1883 2053 2036 2115 pars
2075 2034 2211 2097 eius
2253 2033 2397 2095 iure

356 2121 575 2187 ciuili⁸
603 2122 790 2187 alteri
828 2122 1258 2186 adcrescebat:
1298 2121 1407 2185 sed
1437 2126 1586 2204 post
1601 2119 1650 2159 ¹⁰
1677 2119 1887 2206 legem
1924 2120 2195 2205 Papiam
2224 2119 2398 2205 Pop-

353 2233 578 2296 paeam
624 2233 755 2275 non
801 2211 1114 2294 capientis
1151 2231 1301 2293 pars
1349 2210 1586 2275 caduca
1630 2210 1722 2273 fit.
1805 2208 1891 2273 13.
1943 2207 2013 2273 Si
2051 2229 2168 2293 per
2215 2209 2395 2273 dam-

354 2301 683 2365 nationem
730 2301 949 2365 eadem
994 2321 1096 2363 res
1146 2299 1397 2364 duobus
1432 2300 1649 2385 legata
1685 2298 1788 2380 sit,
1835 2298 1891 2361 si
1929 2298 2192 2381 quidem
2242 2320 2400 2363 con·

354 2389 646 2472 iunctim,
693 2388 967 2475 singulis
1004 2392 1219 2472 partes
1257 2387 1573 2453 debentur
1610 2391 1674 2451 et
1714 2408 1844 2450 non
1885 2386 2201 2472 capientis
2239 2409 2397 2472 pars

354 2480 493 2543 iure
540 2478 721 2543 ciuili
767 2479 837 2542 in
880 2478 1236 2542 hereditate
1246 2475 1297 2514 ¹¹
1344 2476 1732 2559 remanebat,
1787 2497 1960 2539 nunc
2015 2481 2235 2540 autem
2293 2496 2397 2541 ca·

351 2567 519 2633 duca
554 2569 656 2650 fit3
705 2567 879 2651 quod
924 2567 980 2631 si
1027 2566 1418 2651 disiunctim‚
1464 2563 1737 2650 singulis
1776 2563 2057 2629 solidum
2098 2564 2395 2630 debetur.

501 2764 552 2830 1)
589 2761 678 2814 ius
727 2760 788 2813 V.
935 2763 988 2828 2)
1026 2759 1280 2813 firmatur
1326 2759 1387 2812 V.
1446 2757 1805 2812 confirmatur
1841 2758 1959 2812 Hu.
2146 2760 2201 2827 3)
2242 2759 2401 2827 aptis

365 2833 652 2887 Victoriae.
699 2832 882 2901 pactis
932 2822 991 2885 V.
1100 2834 1156 2898 4)
1195 2832 1280 2883 est
1332 2831 1389 2883 V.
1499 2832 1552 2899 5)
1590 2829 1639 2882 si
1673 2845 1810 2882 uero
1848 2828 1908 2882 V.
2021 2832 2077 2897 6)
2115 2829 2286 2883 istico
2333 2831 2399 2884 V.

356 2908 408 2975 7)
447 2905 568 2958 siue
606 2903 993 2957 disiunctim—
1008 2903 1079 2956 do
1133 2901 1279 2972 leg0‚
1336 2919 1474 2970 quae
1512 2902 1675 2955 verba
1727 2901 1999 2969 supplevit
2035 2902 2210 2971 Huyo
2266 2908 2405 2957 ante

353 2978 515 3031 verba
557 2974 771 3043 ‘legata
809 2974 924 3042 sit’,
961 2975 1067 3029 huc
1104 2974 1391 3028 transtulit
1436 2973 1658 3027 Vahlen.
1805 2974 1859 3040 8)
1897 2971 2021 3025 iure
2059 2971 2223 3025 ciuili
2261 2988 2400 3027 con-

354 3064 522 3173 curgp
566 3047 756 3171 partes
804 3045 1023 3171 fiekgaxzt
1046 3045 1132 3170 ἔ.
1193 3044 1306 3098 ‘sed
1350 3044 1458 3126 ‘hoc
1501 3049 1886 3168 ξοηῶταηειτιιτη
1928 3044 2051 3097 ime
2104 3044 2262 3098 civili
2298 3061 2405 3100 nec

351 3134 439 3173 mo
548 3134 677 3172 ozm
713 3134 890 3172 evenne
925 3134 962 3169 a
1111 3134 1185 3182 u„
1221 3117 1320 3184 qui
1345 3114 1467 3168 iure
1535 3132 1591 3167 ιι]
1688 3131 1768 3182 po
1852 3131 2079 3183 sequens
2106 3132 2240 3182 pars
2271 3115 2404 3170 eius

353 3190 697 3257 transposuit
731 3194 782 3242 et
816 3188 1030 3242 fiebant
1071 3188 1308 3241 mutavit
1341 3188 1405 3239 in
1441 3186 1598 3239 fiunt.
1780 3189 1833 3254 9)
1872 3187 2133 3240 currente
2181 3186 2247 3240 V.

357 3262 444 3328 10)
481 3275 584 3327 per
622 3260 832 3313 mavult
865 3259 983 3313 Hw.
1132 3260 1220 3327 11)
1257 3257 1631 3312 hereditatem
1677 3255 1740 3308 V.

496 3422 527 3482 ς
566 3421 616 3470 8.
654 3420 723 3484 cf.
757 3418 883 3472 Gai.
915 3422 965 3483 2,
997 3423 1125 3486 197;
1166 3423 1286 3471 202.
1324 3448 1393 3458 —
1431 3422 1461 3483 ς
1494 3421 1577 3470 10.
1615 3417 1686 3484 cf.
1719 3416 1846 3472 Gai.
1878 3422 1930 3483 2,
1960 3420 2082 3468 210.
2125 3446 2193 3456 —
2234 3421 2268 3482 ς
2313 3424 2404 3472 11.

353 3489 424 3556 cf.
466 3487 593 3542 Gai.
633 3493 684 3554 2,
713 3493 817 3541 220
835 3505 911 3557 sq.
952 3519 1019 3528 —
1065 3494 1096 3554 ξ
1136 3492 1242 3542 11·.
1281 3491 1351 3556 ef.
1395 3489 1525 3544 Gai.
1563 3494 1610 3541 2.
1655 3493 1782 3553 197ς
1822 3492 1942 3541 218.
1990 3518 2062 3527 -
2119 3492 2152 3553 5
2194 3492 2282 3541 12.
2325 3489 2407 3556 cf.
2492 3525 2497 3530 -

359 3559 488 3614 Gai.
528 3563 579 3624 2,
609 3562 738 3626 1993
778 3563 881 3612 206
899 3577 974 3627 sq.
1015 3590 1083 3600 —
1120 3564 1151 3624 ξ
1193 3563 1277 3613 13.
1314 3559 1387 3626 cf.
1428 3559 1555 3614 Gai.
1596 3566 1646 3624 2,
1677 3564 1797 3614 205.
