2650 3917
375 166 507 231 392
748 116 753 135 Ι
948 165 1073 221 GAJ
1108 163 1367 219 INSTIT.
1403 164 1482 218 IV
1523 169 1819 257 172-175,

372 329 645 394 iniuriae
701 333 815 401 aut
864 330 1229 416 legatorum
1294 349 1410 412 per
1466 326 1943 394 damnationem
1999 326 2371 392 relictorum
2385 326 2406 363 ¹

371 418 633 484 nomine
669 419 901 505 agitur.
994 442 1073 484 ex
1102 418 1485 502 quibusdam
1517 418 1725 482 causis
1759 416 2173 501 sponsionem
2201 418 2405 481 facere

373 507 799 594 permittitur,
843 509 1026 573 uelut
1072 508 1149 571 de
1195 508 1471 592 pecunia
1517 511 1692 572 certa
1737 506 1980 571 credita
2027 510 2090 569 et
2135 506 2407 591 pecunia

373 598 741 680 constituta,
780 598 893 662 sed
939 601 1149 663 certae
1163 594 1188 633 ²
1230 596 1491 681 quidem
1528 596 1806 661 creditae
1843 595 2152 680 pecuniae
2179 595 2405 661 tertiae

373 688 603 771 partis,
694 686 1083 752 constitutae
1165 707 1320 750 uero
1404 686 1712 769 pecuniae
1793 686 1996 770 partis
2089 684 2405 750 dimidiae.

370 776 499 842 172.
538 774 727 852 Quod
755 776 811 840 si
838 797 1051 860 neque
1081 774 1451 859 sponsionis
1476 797 1684 859 neque
1722 775 1904 858 dupli
1942 773 2214 839 actionis
2244 775 2405 859 peri-

373 867 591 931 culum
638 866 725 948 ei,
781 887 929 931 cum
976 886 1104 948 quo
1152 864 1396 950 agitur,
1452 862 1866 949 injungatur³
1919 885 1996 929 ac
2048 884 2129 928 ne
2185 863 2404 928 statim

372 955 632 1040 quidem
678 955 760 1020 ab
822 954 1011 1020 initio
1069 954 1277 1038 pluris
1343 975 1536 1040 quam
1600 952 1819 1037 simpli
1884 952 1969 1016 sit
2016 953 2203 1035 acti0,
2267 974 2429 1037 per--

370 1044 580 1109 mittit
632 1047 894 1130 praetor
948 1040 1433 1113 iusiurandum⁴5
1485 1042 1741 1129 exigere
1794 1059 1940 1107 NON
1998 1058 2404 1107 CALVMNIAE

374 1130 628 1199 CAVSA⁶
672 1149 978 1197 INFITIAS
1025 1150 1160 1197 IRE.
1250 1132 1421 1196 unde
1479 1131 1773 1215 quamuis
1828 1131 2094 1196 heredes
2137 1132 2247 1196 uel
2293 1132 2403 1216 qui

369 1222 676 1287 heredum
721 1224 865 1288 loco
916 1221 1238 1286 habentur
1494 1219 1641 1265 0—ss
1689 1218 1961 1307 obligati
2007 1221 2140 1286 sint
2151 1217 2193 1304 ⁷,
2249 1221 2403 1285 item

369 1310 682 1376 feminae⁸
743 1308 1143 1396 pupillique⁹
1188 1308 1620 1375 eximantmw
1682 1310 1968 1395 periculo
2022 1310 2404 1394 sponsioniS,

371 1400 553 1465 iubet
599 1404 814 1465 tamen
862 1421 973 1464 eos
1018 1403 1246 1465 iurare.
1337 1400 1463 1467 173.
1513 1398 1750 1465 Statim
1777 1404 1988 1465 autem
2007 1397 2057 1436 ¹¹
2094 1399 2177 1464 ab
2214 1399 2401 1464 initio

370 1489 577 1573 pluris
617 1512 810 1573 quam
860 1489 1078 1573 simpli
1115 1490 1284 1554 actio
1324 1492 1425 1554 est
1458 1490 1642 1554 uelut
1680 1490 1838 1554 furti
1885 1488 2215 1554 manifesti
2253 1510 2403 1572 qua-

372 1579 605 1664 drupli,
665 1600 786 1643 nec
840 1579 1169 1644 manifesti
1224 1579 1432 1663 dupli,
1497 1579 1791 1663 concepti
1837 1583 1903 1643 et
1948 1578 2152 1643 oblati
2197 1577 2403 1662 tripli:

369 1691 520 1733 nam
560 1691 639 1733 ex
673 1667 777 1733 his
815 1668 1027 1733 causis
1064 1673 1129 1733 et
1165 1667 1310 1733 aliis
1350 1668 1756 1752 quibusdam,
1788 1668 1926 1733 siue
1964 1667 2111 1751 quis
2146 1670 2343 1754 neget
2355 1664 2404 1704 ¹²

371 1759 509 1823 siue
552 1758 850 1842 fateatur,
895 1757 1100 1843 pluris
1148 1779 1342 1843 quam
1389 1757 1609 1842 simpli
1654 1761 1752 1821 est
1798 1757 1984 1822 actio,

502 1847 630 1912 174.
686 1845 945 1912 Actoris
1018 1868 1280 1931 quoque
1353 1846 1674 1911 calumnia
1687 1844 1738 1884 ¹³
1809 1849 2138 1912 coercetur
2208 1846 2403 1910 modo

370 1937 730 2003 calumniae
774 1937 1040 2020 iudicio,
1094 1936 1287 2002 modo
1337 1936 1690 2020 contrario,
1735 1936 1927 2001 modo
1973 1935 2408 2022 iureiurando,

370 2028 564 2093 modo
621 2025 1129 2110 restipulatione.
1218 2025 1346 2091 175.
1391 2024 1482 2090 Et
1527 2025 1785 2109 quidem
1841 2024 2198 2090 calumniae
2243 2025 2407 2090 iudi-

369 2117 543 2181 cium
590 2115 896 2180 aduersus
943 2137 1164 2180 omnes
1210 2116 1496 2180 actiones
1542 2115 1757 2180 locum
1803 2114 1999 2180 habet
2046 2119 2111 2180 et
2156 2118 2256 2180 est
2301 2115 2405 2180 de-

514 2313 565 2381 1)
602 2308 863 2364 relictum
899 2308 968 2363 V.
1113 2311 1165 2378 2)
1202 2312 1357 2364 certa
1393 2309 1459 2364 V.
1607 2310 1661 2376 3)
1697 2307 2030 2378 iniungatur
2055 2310 2403 2365 Lachmann.

369 2381 746 2453 coniungatur
779 2380 846 2435 V.
1029 2383 1084 2451 4)
1120 2380 1564 2435 iurisiurandum
1610 2380 1676 2435 V.
1861 2383 1914 2449 5)
1951 2396 2155 2434 causae
2190 2381 2259 2436 V.

371 2455 424 2523 6)
461 2454 539 2509 ad
574 2452 778 2522 simplo
814 2454 980 2506 tenus
1014 2453 1246 2523 vestiyia
1280 2453 1474 2508 ducere
1516 2452 1775 2508 videntur
1810 2451 2211 2508 Studemundio
2248 2460 2407 2520 teste,-

367 2541 437 2579 eoe
474 2525 732 2579 Bluhmii
766 2524 991 2579 lectione
1024 2524 1257 2591 fortasse
1293 2525 1550 2591 conficere
1585 2524 1734 2578 licet:
1771 2522 1962 2592 simpli
1999 2539 2103 2577 nec
2141 2523 2408 2594 amplius.

370 2599 424 2665 7)
464 2597 595 2650 sunt
630 2595 696 2650 V.
826 2598 879 2665 8)
918 2595 1144 2665 feminis
1179 2594 1246 2650 V.
1378 2598 1431 2665 9)
1467 2593 1818 2665 pupillisque
1853 2594 1921 2649 V.
2038 2597 2127 2665 10)
2166 2598 2407 2651 ex***t

369 2667 436 2722 V.
537 2668 636 2791 Vl)
675 2669 866 2721 autem
918 2667 1060 2722 Inst.
1117 2667 1193 2719 ah
1230 2667 1295 2722 V.
1484 2667 1570 2737 12)
1606 2667 1780 2736 negat
1815 2666 1882 2720 V.
2068 2670 2155 2737 13)
2192 2666 2408 2722 calum-

367 2754 500 2793 mae
592 2780 602 2792 .

513 2922 543 2984 g
585 2922 705 2971 172.
760 2916 830 2983 ef.
870 2919 921 2972 Ι.
959 2922 1011 2984 4,
1042 2922 1206 2982 16,1.
1280 2917 1358 2971 D.
1395 2921 1478 2983 10,
1511 2922 1560 2984 2,
1590 2921 1677 2984 44,
1706 2921 1738 2969 4
1778 2917 1967 2985 (Paul.
2000 2918 2176 2986 1⁷40).
2256 2917 2313 2972 0.
2356 2923 2407 2984 2,

370 2990 579 3059 58(59)‚
619 2994 754 3057 apr.
794 2990 867 3057 (a.
900 2990 1040 3053 531).
1102 2989 1245 3044 Nov.
1284 2993 1373 3055 49,
1404 2994 1514 3055 s,·1
1555 2990 1629 3056 (a.
1660 2990 1801 3058 637).
1872 2988 1989 3042 ναι.
2030 2989 2194 3044 Prob.
2227 2996 2276 3056 5,
2311 2993 2408 3043 11:

368 3059 437 3112 N.
477 3060 543 3116 K.
584 3058 640 3114 C.
679 3076 793 3113 non
831 3058 1149 3113 calumniae
1188 3074 1374 3113 eausa.

512 3137 544 3198 g
584 3136 705 3185 173.
762 3131 831 3197 ef.
869 3131 918 3184 I.
957 3136 1009 3196 4,
1043 3137 1126 3194 16,
1158 3136 1204 3184 1.
1270 3147 1447 3200 supra
1483 3137 1533 3199 3,
1564 3135 1862 3185 189-191,

511 3209 542 3269 ξ
583 3207 703 3256 174.
759 3202 829 3268 cf.
885 3202 935 3256 I.
992 3208 1044 3268 4,
1076 3207 1161 3269 16,
1192 3208 1238 3256 1.
1329 3202 1645 3256 calumniae
1699 3201 1937 3273 iudicio]
1991 3203 2151 3271 infra
2206 3207 2259 3271 4,
2302 3207 2409 3257 175

370 3279 561 3328 -179,
638 3273 943 3345 contrario]
980 3278 1032 3340 4,
1065 3279 1183 3327 177.
1257 3273 1713 3345 restipulatione]
1752 3281 1804 3340 4,
1833 3279 1955 3328 180.

511 3350 543 3410 5
584 3349 702 3398 175.
759 3345 829 3411 cf.
871 3345 999 3400 God.
1040 3345 1228 3400 Herm.
1258 3347 1341 3401 tit.
1380 3348 1469 3401 De
1505 3347 1827 3401 calumniat.
1865 3363 1933 3401 ex
1972 3346 2215 3402 Gon-salt.
2255 3351 2308 3414 6,
2342 3350 2410 3399 13

370 3417 443 3482 (a.
484 3418 626 3485 293).
725 3416 953 3484 Theoph.
1011 3420 1063 3482 4,
1103 3421 1186 3484 16,
1228 3421 1300 3470 lc
1358 3418 1438 3487 (p.
1468 3422 1572 3473 488
1623 3419 1818 3487 Fortu).
1913 3419 2055 3473 Nov.
2097 3423 2218 3484 112,
2257 3424 2289 3472 2
2319 3435 2408 3487 pr.

370 3489 442 3553 (a.
481 3488 623 3554 541).
698 3487 1010 3541 Iustiniani
1043 3486 1199 3542 edict.
1240 3492 1290 3556 7,
1319 3493 1369 3543 5.
1430 3490 1539 3545 Cic.
1568 3506 1677 3559 pro
1717 3489 1926 3546 Cluent.
1966 3494 2054 3558 59,
2084 3494 2204 3545 163.
2266 3489 2410 3544 Gen.

372 3562 457 3623 14,
488 3563 537 3623 2,
568 3561 617 3610 8.
693 3556 961 3611 aduersus
1003 3557 1373 3632 adsertorem]
1409 3561 1479 3627 cf.
1518 3563 1685 3616 Paul.
1725 3566 1776 3629 5,
1805 3566 1891 3628 33,
1923 3566 1971 3615 7.
