2650 3917
279 506 381 555 207

421 144 553 209 352
1019 145 1143 199 GAI
1177 144 1434 200 INSTIT.
1470 145 1548 199 IV
1585 145 1838 200 530-55.

420 308 738 374 dan-isibi
779 306 2460 394 oportere.l———————v.1—-————3

420 415 608 462 DARE
644 416 802 462 mm
839 415 1199 464 oPoRrERE
1715 423 1806 463 vv.
1825 403 1918 482 22,-
2452 406 2461 485 Ι

419 490 655 572 petere,
699 487 768 553 id
813 493 912 553 est
954 508 1086 552 non
1134 488 1384 553 adiecto
1430 488 1593 552 loco.
1683 484 1808 553 531¹.
1857 486 2065 553 Causa
2099 488 2249 573 plus
2292 489 2463 571 peti-

420 581 543 660 tur,
588 578 771 641 uelut
817 579 873 642 si
911 578 1055 661 quis
1093 577 1161 641 in
1207 577 1566 642 intentione
1610 577 1803 642 tollat
1847 578 2226 642 electionem
2276 578 2461 643 debi-

419 666 599 749 tori8‚
647 688 840 750 quam
887 666 980 732 is1
1024 667 1220 732 habet
1276 666 1695 753 obligationis
1755 668 1919 750 iure,
1973 666 2154 731 uelut
2199 667 2259 730 si
2307 667 2459 750 quis

419 755 512 819 ita
556 756 902 840 stipulatus
950 756 1061 819 sit:
1109 772 1551 821 sns'rsn'mvn
1597 773 1645 819 x
1681 773 1881 819 MILIA
1926 773 2066 820 Av'r
2113 772 2459 820 HOMINEM

420 861 728 909 snorum
764 863 950 909 DARE
991 846 1353 910 SPONDES‘?
1400 844 1625 908 deinde
1662 847 2043 909 alterutrum
2080 865 2302 909 eorum
2345 845 2459 930 [ex

419 933 548 1018 his]
595 938 801 1018 petat3
846 956 994 998 nam
1042 934 1342 1019 quamuis
1387 936 1593 1017 petat,
1648 934 1822 1018 quod
1868 934 2080 998 minus
2127 938 2252 1017 est,
2298 935 2455 1019 plus

417 1025 634 1087 tamen
674 1027 892 1109 petere
927 1022 1203 1107 uidetur,
1249 1024 1403 1107 quia
1437 1026 1651 1107 potest
1686 1023 2090 1087 aduersarius
2128 1023 2456 1088 interdum

416 1112 670 1176 facilius
717 1112 784 1176 id
846 1116 1198 1197 praestare,
1262 1112 1436 1196 quod
1499 1133 1630 1176 non
1694 1113 1955 1197 petitur.
2049 1112 2354 1177 similiter
2397 1114 2456 1177 si

420 1201 564 1284 quis
609 1223 814 1287 genus
860 1201 1207 1286 stipulatus
1254 1203 1365 1286 sit,
1421 1201 1648 1265 deinde
1694 1202 1971 1285 speciem
2016 1205 2224 1286 petat,
2270 1202 2457 1266 uelut

418 1291 473 1354 si
537 1291 682 1375 quis
755 1312 1107 1376 purpuram
1180 1292 1527 1375 stipulatus
1591 1291 1678 1355 sit
1740 1290 2148 1375 generaliter,
2222 1290 2454 1356 deinde

417 1378 679 1463 Tyriam
740 1380 1104 1465 specialiter
1146 1383 1353 1466 petat3
1409 1380 1568 1463 quin
1621 1379 1815 1444 etiam
1862 1380 2015 1445 licet
2066 1378 2454 1444 uilissimam

417 1472 623 1553 petat,
687 1469 857 1533 idem
913 1470 1072 1535 iuris
1128 1473 1227 1534 est
1287 1467 1591 1554 propter²
1641 1490 1779 1533 eam
1842 1468 2190 1552 rationem,
2253 1491 2450 1553 quam

416 1558 711 1642 proxime
767 1558 1063 1622 diximus.
1154 1559 1324 1624 idem
1380 1558 1538 1622 iuris
1584 1562 1708 1641 est,
1762 1558 1819 1621 si
1865 1558 2011 1641 quis
2064 1558 2454 1643 generaliter

417 1646 746 1712 hominem
813 1647 1160 1732 stipulatus
1224 1649 1337 1731 sit,
1410 1647 1639 1711 deinde
1710 1647 2095 1711 nominatim
2167 1648 2451 1731 aliquem

416 1739 615 1821 petat,
641 1738 825 1802 uelut
858 1736 1171 1820 Stichum,
1200 1737 1498 1821 quamuis
1535 1736 1940 1801 uilissimum.
2034 1737 2250 1820 itaque
2279 1738 2451 1802 sicut

417 1827 560 1911 ipsa
613 1826 945 1911 stipulatio
1001 1830 1313 1911 concepta
1367 1829 1491 1909 est,
1544 1827 1637 1890 ita
1682 1830 1748 1891 et
1802 1826 2078 1890 intentio
2131 1826 2450 1890 formulae

418 1915 671 2000 concipi
719 1915 923 1981 debet.
1015 1915 1111 1980 54.
1157 1913 1330 1979 Illud
1377 1916 1531 1980 satis
1578 1917 1844 1998 apparet
1890 1915 1959 1979 in
2012 1914 2274 1980 incertis
2319 1916 2447 1979 for-

417 2005 611 2070 mulis
669 2003 818 2088 plus
880 2005 1015 2088 peti
1067 2026 1201 2069 non
1258 2026 1475 2088 posse,
1535 2004 1688 2088 quia
1754 2024 1899 2068 cum
1966 2009 2141 2069 certa
2194 2004 2448 2089 quanti·

417 2098 518 2159 tas
585 2116 718 2159 non
788 2096 1071 2179 petatur,
1144 2094 1256 2159 sed
1329 2110 1673 2171 QVIDQVID
1752 2117 1941 2157 PARET
2007 2093 2447 2158 aduersarium

417 2200 604 2248 DARE
671 2200 944 2247 FACERE
1013 2180 1425 2248 opoa‘rnssnss
1488 2180 1911 2265 intendatur4,
1973 2204 2163 2247 nemo
2229 2186 2448 2267 potest

415 2274 564 2357 plus
610 2272 956 2338 intendere.
1049 2272 1217 2337 idem
1262 2272 1423 2336 iuris
1469 2275 1592 2355 est,
1649 2275 1713 2337 et
1758 2270 1814 2335 si
1859 2271 1930 2335 in
1973 2293 2108 2335 rem
2164 2272 2448 2338 incertae

415 2362 620 2447 partis
667 2362 834 2426 actio
892 2361 1040 2426 data
1087 2361 1198 2446 sit,
1254 2361 1436 2426 uelut
1489 2357 1697 2425 talis⁵z
1764 2376 2103 2436 QVANTAM
2158 2378 2449 2425 PARTEM

419 2468 648 2515 PARET
695 2468 771 2515 m
815 2466 908 2515 Eo
957 2466 1226 2533 nmmo,
1273 2465 1414 2527 Qvo
1462 2447 1597 2514 DE⁶
1640 2464 1930 2532 AGITVR,
1977 2450 2214 2515 actoris
2262 2467 2447 2515 assu.

417 2540 592 2626 quod
637 2561 840 2626 genus
895 2540 1185 2604 actionis
1223 2539 1293 2604 in
1346 2539 1750 2625 paucissimis
1807 2538 2015 2603 causis
2071 2538 2209 2603 dari
2261 2540 2447 2605 solet.

415 2629 509 2695 55.
554 2627 720 2694 Item
767 2628 982 2714 palam
1030 2632 1154 2714 est,
1201 2628 1256 2693 si
1303 2629 1445 2712 quis
1501 2627 1674 2691 aliud
1720 2649 1838 2711 pro
1895 2628 2022 2692 alio
2079 2627 2448 2714 intenderit,
2494 2632 2509 2645 ‘

562 2860 612 2928 1)
650 2876 817 2927 quam
872 2858 921 2912 is
983 2857 1268 2913 Goeschen.
1345 2856 1604 2924 quamuis
1660 2855 1726 2909 V.
1908 2858 1961 2925 2)
1998 2873 2152 2926 papp
2208 2856 2274 2909 V.

417 2935 448 2985 3
509 2931 792 2999 oporteret
827 2929 893 2984 V.
1038 2930 1092 2998 4)
1128 2927 1394 2982 intendat
1430 2926 1495 2981 V.
1642 2930 1694 2997 ὁ)
1731 2929 1875 2982 tales
1912 2927 1978 2981 V.
2133 2930 2186 2997 6)
2224 2944 2337 2996 quo
2377 2928 2449 2983 de

472 3004 707 3059 oeschen.
782 3000 930 3069 quod
970 3000 1036 3055 V.

560 3188 590 3247 ξ
629 3186 714 3235 54.
773 3179 841 3247 cf.
886 3179 994 3233 Cic.
1024 3195 1132 3247 pro
1171 3179 1331 3233 Rosc.
1373 3178 1516 3232 Gom.
1556 3183 1607 3242 4,
1639 3183 1721 3230 11.
1798 3178 1963 3231 Paul.
2004 3180 2053 3243 8,
2083 3183 2133 3243 8,
2164 3182 2212 3231 2.
2279 3177 2356 3230 D.
2397 3183 2450 3244 6,

418 3261 466 3321 1,
497 3260 582 3320 76,
614 3259 641 3306 1
683 3252 834 3324 (Gai.
876 3251 1014 3318 156).
1071 3254 1122 3314 5,
1150 3255 1202 3315 4,
1235 3254 1281 3315 1,
1312 3254 1344 3302 ὅ
1383 3247 1537 3317 (Ulp.
1577 3250 1716 3316 538).
1775 3253 1824 3314 6,
1857 3254 1904 3313 1,
1935 3254 2069 3318 ὀμ.
2108 3248 2262 3317 (Uzp.
2301 3252 2451 3319 549).

418 3330 660 3392 10,3,8,
692 3330 719 3379 1
761 3323 946 3393 (Paul.
987 3322 1128 3389 394).

558 3400 588 3461 ξ
628 3401 712 3449 55.
779 3395 846 3461 cf.
886 3395 934 3447 I.
974 3397 1025 3458 4,
1056 3398 1106 3458 6,
1135 3396 1203 3444 35
1243 3408 1366 3445 cum
1410 3391 1641 3460 Theoph.
1681 3393 1761 3461 (p.
1792 3395 1896 3444 440
1925 3391 2120 3459 Ferr.).
2197 3391 2272 3444 D.
2312 3396 2363 3456 6,
2399 3398 2449 3458 1,

416 3472 466 3532 5,
497 3472 527 3520 5
567 3465 720 3533 (Ulp.
759 3467 903 3532 550).
976 3464 1234 3519 Frontin.
1273 3463 1340 3518 de
1389 3469 1622 3518 controv.
1662 3479 1842 3533 ayror.
1879 3461 1931 3515 H
1977 3461 2244 3531 (Gremat.
2281 3463 2449 3518 latin.

415 3537 496 3592 ed.
536 3537 760 3590 Lachm.
799 3541 886 3600 43,
917 3537 1019 3603 26).
1098 3535 1145 3587 si
1185 3534 1443 3603 cognitor
1478 3535 1546 3601 cf.
1586 3535 1742 3600 infra
1779 3539 1828 3600 4,
1859 3537 1944 3586 86.
