2650 3917
381 147 506 210 126
704 145 805 199 AD
845 145 1018 200 GAIV
1021 145 1080 198 M
1116 143 1472 199 PRAEFAT.
1511 143 1859 199 HVSCHKII
1893 143 2009 197 ED.
2046 145 2086 198 L
2181 147 2185 152 “

375 314 845 390 possessionibus
894 306 1030 394 (37.
1078 306 1219 393 38):
1285 312 1628 389 similiaque
1689 315 1989 373 inveneris
2043 314 2108 372 in
2170 308 2417 391 scriptis

377 404 705 480 Thalelaei,
753 403 1045 479 Stephani
1089 406 1538 479 ceterorumque
1595 421 1953 463 coaevorum
2005 394 2416 479 iurispruden'-

382 495 557 569 tium,
602 512 856 569 quorum
903 493 1036 552 loca
1083 493 1327 570 collegit
1372 491 1611 550 Reizius
1649 491 1725 550 ad
1763 491 2025 568 Theoph.
2052 492 2117 551 Π
2150 512 2208 568 p.
2242 494 2416 553 1237

380 601 502 658 seq.
595 580 713 641 Sed
759 585 820 640 et
882 582 1002 658 ipsi
1065 584 1353 657 quattuor
1415 581 1556 640 libri
1615 581 1974 658 singulares,
2034 599 2182 657 quos
2237 581 2419 642 Iusti·

377 673 593 731 nianus
637 672 843 746 palam
880 669 1030 730 Gaio
1075 670 1292 730 tribuit
1340 688 1605 746 quosque
1651 670 1799 729 olim
1842 671 2038 746 primo
2084 689 2241 731 anno
2277 675 2422 748 post

375 760 793 821 Institutiones
841 780 913 819 ex
958 760 1152 819 edicto
1198 759 1456 819 traditos
1503 778 1631 819 esse
1681 763 1998 835 memorat,
2054 762 2423 820 conveniunt

377 869 511 910 cum
574 848 979 929 singularibus
1039 847 1155 909 Gai
1215 848 1387 907 libris
1444 849 1520 907 ad
1586 849 1847 908 edictum
1908 848 2210 923 urbicum3
2275 854 2424 910 sunt

376 942 537 1000 enim
580 939 655 998 de
708 958 773 999 re
827 941 1040 998 uxoria
1094 933 1210 1018 (=
1242 933 1593 998 ‘dotalicion
1648 937 1882 1016 βιβλίον
1926 932 2016 997 ἕν’
2069 938 2192 998 ind.
2237 939 2422 1015 Flor.,

374 1030 521 1089 licet
562 1028 647 1087 ibi
702 1047 825 1089 non
888 1029 1126 1088 dicatur
1187 1027 1373 1087 fuisse
1428 1046 1501 1087 ex
1553 1027 1725 1086 libris
1773 1028 1851 1087 ad
1913 1027 2192 1103 edictum,
2257 1029 2416 1103 quod

377 1118 556 1178 facile
591 1119 656 1176 in
703 1117 1067 1178 oblivionem
1103 1119 1304 1183 venire
1350 1117 1577 1193 potuit3
1623 1116 1726 1176 sed
1766 1114 1949 1176 Graius
1993 1116 2214 1178 idcirco
2258 1118 2420 1177 hanc

378 1206 698 1267 materiam
758 1208 822 1266 in
878 1208 1025 1267 Inst.
1071 1200 1444 1288 praeteriit),
1517 1206 1590 1265 de
1662 1206 1869 1265 tutelis
1943 1199 2219 1286 (allegati
2284 1205 2419 1266 Grai.

381 1302 438 1372 1,
473 1289 648 1378 188),
694 1296 768 1356 de
812 1298 1189 1357 testamentis
1235 1299 1297 1356 et
1343 1296 1415 1355 de
1460 1296 1679 1374 legatis
1728 1287 1814 1376 (p.
1848 1297 1973 1355 123
2012 1299 2134 1355 not.
2168 1287 2265 1372 3)2
2312 1297 2421 1373 qui

380 1386 625 1462 quidem
670 1385 830 1456 libri,
858 1389 928 1444 ut
972 1387 1204 1462 opinor,
1242 1385 1317 1444 ab
1355 1385 1487 1462 ipso
1527 1383 1678 1443 Gaio
1691 1378 1733 1460 ²,
1768 1387 2090 1461 praeeunte
2130 1385 2417 1460 quodam-

378 1475 553 1534 modo
597 1475 836 1535 Iuliano
848 1467 889 1550 ²,
953 1477 1100 1535 scite
1157 1475 1333 1534 electi
1390 1477 1452 1534 et
1504 1474 1644 1533 huic
1698 1493 1856 1533 anno
1921 1474 2207 1534 destinati
2259 1479 2422 1550 sunt,

378 1565 523 1640 quia
580 1567 645 1622 in
706 1564 801 1625 his
863 1566 1131 1623 materiis
1194 1564 1553 1642 gravissima
1615 1582 1755 1640 pars
1818 1563 1967 1622 iuris
2031 1563 2225 1623 civilis
2287 1568 2416 1623 tam

377 1656 596 1712 veteris
663 1672 845 1729 quam
907 1653 1050 1712 novi
1115 1644 1399 1734 (maxime
1464 1671 1534 1711 ex
1597 1652 1729 1730 lege
1773 1652 1889 1712 Iul.
1936 1655 1996 1712 et
2041 1651 2106 1711 P.
2153 1645 2250 1734 P.)
2299 1655 2421 1713 sita

379 1746 525 1802 erat.
629 1742 1016 1818 Sequentium
1088 1761 1382 1802 annorum
1452 1741 1823 1801 Iustinianus
1895 1745 2133 1800 tantum
2204 1742 2421 1803 titulos

379 1835 822 1914 commemorat,
867 1834 932 1891 in
976 1834 1172 1908 prima
1216 1834 1391 1908 parte
1445 1849 1519 1890 ex
1582 1830 1855 1890 omnibus
1910 1832 2036 1890 eius
2088 1830 2289 1908 libris,
2352 1834 2423 1890 in

379 1921 652 1998 partibus
699 1922 770 1979 de
826 1920 1065 1981 iudiciis
1112 1924 1174 1980 et
1218 1920 1290 1981 de
1336 1920 1515 1980 rebus
1563 1939 1635 1979 ex
1688 1922 1917 1996 septem
1970 1920 2260 1997 delectos;
2315 1922 2423 1981 sed

379 2014 441 2071 et
485 2010 737 2089 singulis
783 2010 980 2069 titulis
1028 2009 1324 2070 Gaianum
1371 2027 1520 2086 opus
1578 2010 1917 2069 constitisse
1968 2011 2091 2068 iam
2149 2009 2422 2070 animad-

378 2092 727 2159 vertimus.⁸
818 2097 1094 2158 Ceterum
1139 2117 1278 2157 cum
1333 2100 1518 2157 etiam
1564 2099 1628 2157 in
1672 2097 1998 2175 provinciis
2044 2101 2106 2157 et
2157 2102 2423 2158 maxime

526 2323 577 2390 1)
671 2339 736 2376 oc
784 2321 1086 2377 conicienti
1131 2321 1275 2375 mihi
1319 2321 1511 2376 nescio
1558 2322 1841 2390 quomodo
1886 2321 2209 2376 Rudorffius
2248 2322 2424 2392 (Zeit-

514 2392 526 2404 ο
616 2320 668 2374 Η
1491 2394 1502 2405 ι
1540 2392 1551 2404 ⁸
2018 2393 2030 2405 ο

377 2392 1200 2547 ἰὲἲξὲέὲέθέἒιθῖἓξέὼὲ
1216 2411 1294 2547 0¹24
1313 2395 2080 2534 323.:.z2¹12.'⁰.3‘02⁶.3.zz⁶;‡⁹
2110 2393 2424 2519 3¹:2⁶1„ssssss

378 2538 664 2591 tutionum
698 2535 860 2590 libris
899 2537 1039 2590 duos
1083 2539 1422 2606 postenores
1459 2536 1521 2590 in
1559 2536 1765 2591 scholis
1802 2535 2091 2591 abiecisse.
2165 2536 2314 2590 Nam
2361 2540 2425 2592 et

380 2608 532 2676 quod
580 2608 650 2661 de
699 2607 1083 2663 Orientalibus
1131 2608 1299 2675 dicit,
1353 2607 1509 2662 nullo
1565 2611 1795 2691 auctore
1848 2608 2053 2691 nititur
2097 2607 2193 2691 gos..
2227 2626 2283 2678 p.
2315 2614 2423 2692 1233

380 2681 741 2821 ἒῖξὲίὲὲξὲἕ
767 2679 1096 2805 Jffikff
1099 2679 1329 2820 '1033ss
1340 2682 1779 2819 ‘ffizfflffl
1787 2679 2071 2820 iffi?
2086 2683 2265 2805 32²3
2295 2696 2424 2805 {1³13

378 2821 541 2876 libris
578 2822 854 2876 traditum
891 2821 1136 2890 abierat,
1175 2820 1438 2876 effectum
1475 2838 1598 2877 esse
1636 2822 2024 2890 consentiunt,
2061 2821 2134 2876 ad
2170 2838 2310 2889 rem,
2347 2822 2422 2876 de

380 2910 494 2962 qua
546 2892 641 2948 hic
691 2894 908 2964 agitur,
972 2894 1277 2963 quicquam
1330 2893 1489 2948 facit.
1566 2893 1730 2960 Quod
1780 2910 1912 2948 vero
1967 2895 2039 2949 de
2074 2893 2130 2948 b.
2167 2911 2225 2963 p.
2263 2893 2423 2963 apud

381 2963 505 3020 Gai.
537 2970 588 3033 3,
617 2970 684 3019 33
724 2965 919 3033 obicit,
970 2965 1032 3019 id
1076 2982 1167 3020 me
1204 2981 1310 3019 nec
1356 2965 1702 3020 intellexisse
1739 2964 1937 3020 fateor.
2083 2969 2140 3033 2)
2174 2965 2229 3019 Is
2267 2964 2425 3019 enim

380 3036 485 3091 has
531 3037 800 3091 materias
815 3080 829 3105 ‚
884 3037 1070 3091 adhuc
1114 3038 1341 3090 tantum
1376 3036 1437 3090 in
1482 3036 1646 3091 libris
1681 3036 1822 3091 iuris
1859 3035 2043 3092 civilis
2080 3039 2140 3091 et
2172 3036 2424 3091 maxime

380 3109 442 3162 in
480 3107 803 3163 Sabinianis
850 3107 1170 3163 accuratius
1215 3109 1521 3177 tractatas,
1574 3108 1637 3162 in
1683 3107 1858 3162 edicti
1933 3107 2156 3177 erpetui
2192 3123 2425 3178 compo·

381 3179 586 3235 sitione
623 3179 800 3234 etiam
844 3179 1030 3233 edicto
1068 3181 1404 3247 asseruerat,
1442 3195 1590 3247 quae
1624 3179 1840 3249 passim
1916 3195 1948 3234 6
1982 3178 2055 3232 iis
2093 3181 2266 3234 antea
2303 3179 2426 3234 edi-

380 3251 677 3319 cebantur,
723 3250 1042 3323 colligendo
1090 3252 1147 3305 et
1184 3249 1288 3304 sub
1345 3250 1514 3305 certis
1569 3250 1755 3305 titulis
1810 3249 1985 3307 semel
2035 3251 2424 3320 proponendo.

381 3322 462 3378 Cf.
501 3322 676 3406 Leist,
711 3323 1169 3406 Rechtssysteme
1219 3340 1274 3392 p.
1306 3326 1395 3406 62,
1427 3340 1467 3406 ‚⁸
1508 3340 1625 3406 fluo
1682 3321 1942 3377 adhibito
1979 3321 2426 3393 Byzantinorum

380 3393 2193 3548 ἷξὶἳῗὲίᾘὲωθέαὲἕὲξίςὲἓᾱέᾟῗῗὲμΡῙΟΡὲΐΓΕέἓξἚ,
2229 3410 2430 3536 ῗζέιῗ

380 3538 528 3593 lares
563 3537 738 3592 libros
776 3537 1132 3608 appellandi,
1169 3554 1297 3592 cum
1335 3537 1502 3592 unico
1538 3537 1686 3593 hbro
1739 3535 2075 3607 opusculum
2121 3540 2432 3606 constaret,
