2650 3917
739 129 797 186 C.
837 129 1296 185 SEMPRONIVS
1335 129 1773 186 TVDITANVS.
1975 173 1981 183 ‚
2233 129 2274 192 9

226 297 456 378 populi
520 294 909 378 dedicasset,
972 315 1227 358 sacrum
1288 315 1422 358 non
1487 293 1805 358 uiderier’.
1854 332 1940 339 --
1993 293 2116 358 Cio.
2150 315 2276 375 pro

228 386 390 449 dom.
437 384 548 466 53,
592 383 739 448 136.

364 473 420 538 6.
466 473 693 556 Atque
741 473 935 537 etiam
984 473 1138 536 dant
1183 472 1310 537 hoo
1342 470 1687 536 Scaeuolae
1726 478 1826 537 etc.
1867 511 1951 517 ——
1991 475 2066 553 cf.
2095 473 2277 554 infra

237 564 304 644 Q.
354 563 625 628 Mucius
670 562 967 628 Scaevola
1017 561 1097 626 15
1133 584 1203 645 Ρ.
1234 562 1339 625 21.

365 653 420 716 7.
470 651 543 729 Q.
597 650 909 717 Scaeuola
961 655 1209 735 patrem
1260 673 1448 715 suum
1496 657 1597 716 ete.
1644 688 1732 696 -—
1780 653 1855 731 cf.
1902 671 2100 732 supra
2154 651 2275 715 M?
2329 677 2354 717 ⁶

231 741 559 807 Manilius
606 744 646 805 9
682 764 753 824 Ρ.
793 740 849 805 6.

363 831 418 896 8.
466 831 578 895 Α11
625 834 850 914 partus
907 829 1176 895 ancillae
1224 836 1325 895 ete.
1382 867 1472 876 —
1523 830 1600 910 cf.
1646 850 1843 910 supra
1890 829 2009 892 M!
2046 828 2274 893 Mani-

226 921 352 987 lius
399 920 440 984 6
474 942 548 1004 Ρ.
589 920 650 985 6.

642 1114 710 1180 C.
760 1113 1320 1181 SEMPRONIVS
1370 1113 1878 1179 TVDITANVS

1008 1223 1140 1289 (cos.
1179 1236 1228 1275 a.
1267 1237 1321 1274 u.
1356 1222 1495 1290 626).
2300 1250 2354 1290 10

911 1345 1398 1400 MAGISTRAT
1408 1344 1598 1400 VVM.

358 1457 408 1520 1.
458 1454 825 1537 Tuditanus
883 1456 1081 1520 refert
1135 1455 1304 1519 libro
1361 1456 1555 1518 tertio
1617 1454 2113 1540 magistratuum
2169 1454 2271 1520 de-

225 1545 563 1628 cemuiros,
605 1545 718 1630 qui
756 1544 976 1608 deoem
1021 1543 1262 1609 tabulis
1311 1544 1468 1607 duas
1516 1543 1914 1624 addiderunt,
1953 1543 2030 1607 de
2076 1544 2270 1608 inter-

225 1633 498 1700 calando
547 1635 864 1718 populum
910 1655 1185 1719 rogasse.
1234 1670 1324 1679 —-
1371 1633 1654 1697 Maerob.
1701 1631 1833 1696 Sat.
1878 1632 1933 1715 1,
1977 1632 2077 1715 13,
2116 1633 2218 1697 21.

359 1724 419 1788 2.
469 1774 483 1787 .
517 1773 531 1786 .
564 1774 576 1786 .
606 1726 681 1786 ut
718 1724 788 1787 in
826 1723 1288 1789 commentario
1338 1722 1529 1786 tertio
1570 1721 1817 1785 deoimo
1860 1719 1926 1785 O.
1965 1721 2271 1787 Tuditani
2299 1749 2351 1790 15

222 1815 438 1897 patet,
516 1812 671 1897 quia
742 1813 1088 1896 imperium
1163 1812 1376 1876 minus
1449 1814 1733 1896 praetor,
1807 1811 2013 1875 maius
2074 1811 2272 1876 habet

223 1902 474 1985 consul,
524 1905 590 1965 et
621 1924 658 1965 a
685 1902 935 1966 minore
972 1900 1242 1985 imperio
1281 1900 1490 1964 maius
1532 1904 1644 1965 aut
1690 1899 1953 1964 maioril
2004 1903 2272 1986 conlega

222 1992 446 2077 rogari
483 1991 628 2054 iure
662 2011 799 2054 non
834 1993 1064 2074 potest.
1095 2028 1184 2036 ——
1222 1990 1512 2055 Messala
1548 1991 1723 2071 apud
1764 1989 1919 2055 Gen.
1955 1990 2055 2074 13,
2090 1992 2190 2075 15,
2209 1991 2270 2054 4.

220 2083 347 2146 vid.
394 2081 583 2162 infra
615 2101 687 2161 Ρ.
726 2078 829 2143 47.

358 2171 414 2235 3.
463 2168 720 2234 Harum
766 2165 1256 2255 (nundinarum)
1310 2168 1626 2254 originem
1681 2169 1939 2252 quidem
1985 2168 2266 2235 Romulo
2297 2195 2350 2235 20

223 2259 600 2345 adsignant,
659 2279 850 2342 quem
911 2258 1383 2323 communicato
1431 2280 1631 2344 regno
1690 2280 1835 2322 oum
1882 2256 2030 2323 Tito
2079 2258 2266 2324 Tatio

222 2349 562 2414 sacrifieiis
630 2351 696 2410 et
752 2346 1206 2412 sodalitatibus
1261 2347 1582 2411 institutis
1635 2347 1954 2412 nundinas
2012 2370 2268 2433 quoque

223 2438 536 2503 adiecisse
605 2440 1130 2519 commemorant,
1196 2437 1364 2501 siout
1409 2435 1766 2500 Tuditanus
1818 2436 2132 2502 adfirmat.
2180 2475 2267 2485 —

223 2527 510 2592 Maerob.
559 2524 694 2591 Sat.
738 2525 794 2608 1,
836 2526 936 2609 16,
975 2525 1079 2592 32.

353 2617 416 2681 4.
476 2613 781 2679 Ceterum
849 2615 1109 2698 quidam
1172 2637 1304 2680 non
1371 2616 1497 2679 duo
1561 2613 1860 2679 tribunos
1923 2615 2149 2700 plebis,
2195 2620 2348 2682 111115

225 2704 454 2771 Cicero
522 2704 683 2768 dicit
691 2755 709 2786 ,
773 2704 885 2768 sed
950 2706 1233 2788 quinque
1293 2704 1558 2768 tradunt
1623 2707 1868 2769 creatos
1932 2708 2074 2769 tum
2132 2726 2268 2769 esse

222 2796 519 2881 singulos
551 2815 630 2857 ex
672 2793 944 2878 singulis
983 2793 1313 2859 elassibus.
1408 2797 1557 2858 sunt
1596 2797 1813 2857 tamen
1846 2793 1958 2876 qui
1998 2794 2268 2859 eundem

222 2885 410 2950 illum
459 2883 740 2947 duorum
799 2904 1164 2966 numerum,
1221 2904 1413 2967 quem
1471 2881 1720 2966 Cicero,
1776 2886 2046 2967 ponant,
2101 2883 2269 2948 111101·

224 2995 388 3058 quos
436 2971 803 3037 Tuditanus
861 2974 927 3035 et
970 2970 1373 3056 Pomponius
1412 2969 1689 3055 AttiouS,
1734 2972 1961 3036 Liuius
2010 2994 2267 3056 quoque

222 3068 460 3129 noster.
553 3062 727 3126 idem
773 3061 883 3125 hio
927 3068 992 3126 et
1030 3060 1389 3126 Tuditanus
1437 3061 1724 3126 adiciunt
1760 3066 1889 3126 tres
1936 3066 2267 3145 praeterea
2294 3088 2348 3128 so

223 3154 300 3218 ab
349 3152 484 3218 illis
533 3149 788 3214 duobus
837 3150 962 3216 sibi
1023 3151 1303 3237 collegas
1361 3154 1606 3215 creatos
1673 3172 1827 3215 esse.
1890 3189 1973 3197 —
2039 3152 2265 3218 Ascon.

224 3244 312 3306 ad
355 3242 484 3308 Cic.
536 3239 778 3306 Cornel.
813 3261 884 3321 Ρ.
926 3238 1008 3303 76
1035 3239 1137 3305 Or.
1170 3262 1241 3322 Ρ.
1272 3240 1357 3304 68
1373 3240 1603 3305 Kiessl.

365 3457 419 3536 1)
456 3452 663 3507 maiori
703 3452 1012 3506 Mommsen
1047 3451 1125 3506 St.
1156 3453 1223 3507 R
1256 3450 1353 3518 113,
1393 3457 1479 3516 80,
1511 3456 1557 3506 7.
1600 3458 1720 3520 126,
1750 3458 1798 3504 2.
1860 3453 2071 3506 maiore
2110 3453 2249 3507 codd

227 3524 453 3580 maioris
490 3526 610 3580 Hu
668 3523 852 3576 maior
888 3539 923 3576 a
960 3523 1175 3577 minore
1213 3525 1404 3589 Hertz,
1444 3524 1531 3577 Bw
1530 3540 1682 3578 emer
