2650 3917
352 140 478 204 106
848 137 999 193 SEX.
1041 136 1414 194 CAECILIVS
1450 137 1881 193 AFRICANVS„

345 302 724 368 formidare:
783 319 1057 368 TERTns
1105 303 1320 386 inquit
1365 319 1701 368 ermmls
1750 320 1997 369 PARTIS
2047 320 2388 368 SECAN‘ro.

347 409 411 458 SI
483 408 658 457 ans
733 409 1040 457 vasvn
1131 408 1570 474 secvnnvn'r,
1646 409 1727 458 sn
1802 409 2082 458 FRAVDE
2157 391 2389 458 Esto.l

349 478 494 569 (50)
538 482 709 546 nihil
752 481 1041 567 profecto
1088 483 1415 565 inmitius,
1467 481 1635 546 nihil
1679 482 2030 566 inmanius,
2091 482 2249 564 nisi,
2313 487 2390 546 ut

346 593 415 635 re
469 571 612 656 ipsa
674 574 958 655 apparet,
1021 592 1098 635 eo
1164 570 1438 635 consilio
1491 574 1673 635 tanta
1735 572 2081 636 inmanitas
2142 592 2390 655 poenae

293 687 319 727 5
350 660 725 725 denuntiata
807 663 932 745 est,
1014 682 1094 724 ne
1176 660 1257 723 ad
1330 682 1473 724 eam
1544 681 1851 744 umquam
1923 662 2390 744 perueniretur.

350 747 493 837 (51)
541 749 749 814 addici
815 770 1091 833 namque
1143 770 1317 813 nunc
1374 752 1439 813 et
1496 749 1731 814 uinciri
1777 749 2018 815 multos
2073 749 2390 832 uidemuS‚

349 840 504 923 quia
565 838 975 903 uinculorum
1032 859 1307 923 poenam
1373 838 1703 903 deterrimi
1766 838 2062 903 homines
2109 843 2391 904 contem-

347 932 531 1012 nunt,
578 925 724 1015 (52)
756 928 1102 993 dissectum
1142 948 1281 992 esse
1329 927 1690 1029 antiquitus
1727 927 2049 992 neminem
2090 927 2391 1012 equidem

348 1039 557 1101 neque
593 1017 725 1103 legi
761 1038 971 1101 neque
1016 1015 1255 1099 audiui,
1303 1017 1610 1102 quoniam
1657 1018 1928 1082 saeuitia
1974 1017 2099 1082 ista
2143 1038 2392 1102 poenae

270 1133 322 1173 10
349 1108 676 1172 contemni
741 1129 874 1171 non
937 1107 1201 1189 quitast.
1293 1104 1440 1194 (53)
1487 1128 1567 1169 an
1641 1110 1834 1190 putas
1843 1157 1861 1191 ,
1934 1106 2279 1188 Fauorine,
2336 1106 2393 1170 si

349 1218 479 1261 non
543 1196 657 1260 illa
717 1195 912 1260 etiam
976 1217 1057 1260 ex
1129 1195 1469 1261 duodecim
1541 1194 1782 1260 tabulis
1856 1195 1935 1260 de
1996 1155 2392 1260 testimoniis

348 1285 532 1350 falsis
586 1307 796 1369 poena
854 1284 1243 1349 aboleuisset
1297 1290 1364 1349 et
1410 1285 1467 1348 si
1509 1305 1683 1348 nunc
1729 1307 2003 1370 quoque,
2066 1289 2140 1350 ut
2187 1289 2394 1367 antea,

352 1375 464 1459 qui
508 1374 743 1439 falsum
793 1373 1239 1439 testimonium
1277 1374 1517 1439 dixisse
1554 1375 1889 1439 conuictus
1927 1379 2111 1457 esset,
2161 1395 2196 1438 e
2233 1395 2393 1438 saxo

350 1463 621 1548 Tarpeio
688 1464 1068 1548 deiceretur,
1132 1464 1521 1529 mentituros
1582 1464 1784 1528 fuisse
1838 1485 1958 1548 pro
2012 1462 2393 1529 testim0nio

273 1582 322 1621 ιε
354 1557 487 1616 tam
532 1552 801 1636 multos,
857 1574 1051 1635 quam
1096 1552 1439 1618 uidemus?
1502 1552 1820 1618 acerbitas
1871 1552 2252 1638 plerumque
2298 1551 2395 1615 ul-

353 1641 631 1707 ciscendi
676 1642 980 1706 maleficii
1016 1641 1179 1707 bene
1225 1645 1422 1726 atque
1468 1639 1690 1706 caute²
1735 1640 1997 1706 uiuendi
2049 1640 2398 1726 disciplina

354 1734 467 1796 est.
552 1728 698 1818 (54)
736 1730 1009 1796 historia
1054 1730 1131 1795 de
1166 1729 1375 1796 Metto
1413 1729 1671 1795 Fufetio
1710 1729 1966 1796 Albano
2006 1730 2197 1795 nobis
2236 1752 2398 1815 quo·

357 1842 483 1903 que
541 1840 675 1884 non
741 1819 1085 1885 admodum
1145 1818 1452 1885 numero³
1514 1819 1885 1885 istiusmodi
1946 1819 2152 1885 libros
2214 1819 2399 1884 lecti-

353 1908 643 1974 tantibus
707 1910 932 1995 ignota
977 1931 1110 1973 non
1155 1913 1278 1993 est,
1346 1910 1460 1992 qui
1518 1909 1825 1993 quoniam
1881 1914 2142 1994 pactum
2198 1912 2400 1993 atque

273 2029 326 2067 ιο
356 1999 723 2063 condictum
787 2020 931 2063 cum
993 2020 1144 2084 rege
1208 2020 1380 2083 popu
1390 1998 1437 2062 li
1482 1998 1761 2062 Romani
1815 1998 2057 2084 perfide
2112 2003 2400 2084 ruperat,

354 2088 528 2152 binis
577 2088 910 2174 quadrigis
948 2088 1242 2153 euinctus
1280 2089 1350 2152 in
1387 2087 1643 2152 diuersa
1678 2088 2035 2152 nitentibus
2071 2088 2399 2152 laceratus

354 2181 470 2243 est.
561 2199 802 2242 nouum
863 2180 1057 2261 atque
1119 2199 1418 2262 asperum
1484 2176 1872 2262 supplicium
1940 2177 2088 2260 quis
2154 2177 2401 2261 negat?

355 2266 467 2332 sed
513 2265 668 2350 quid
714 2266 1230 2352 elegantissimus
1276 2271 1472 2350 poeta
1517 2264 1708 2349 dicat,
1751 2266 1928 2331 uide:

676 2356 791 2419 ‘AT
841 2374 932 2419 rrv
978 2371 1232 2441 mc‘rls,
1277 2373 1576 2441 ALBANE,
1621 2353 2022 2421 MANERES'.4

273 2473 326 2514 25
489 2443 635 2531 (55)
682 2444 859 2509 Haec
942 2446 1225 2529 taliaque
1299 2444 1427 2508 alia
1516 2442 1667 2509 ubi⁵
1751 2443 1989 2510 Sextus
2073 2442 2403 2523 Caecilius

355 2534 657 2598 omnibus
667 2586 684 2619 ,
752 2536 865 2618 qui
920 2534 1212 2619 aderant,
1269 2534 1413 2618 ipso
1471 2556 1728 2618 quoque
1784 2532 2109 2599 Fauorino
2167 2533 2404 2618 adpro-

356 2626 545 2688 bante
583 2627 775 2708 atque
811 2623 1114 2688 laudante
1152 2624 1471 2708 disseruit,
1507 2624 1878 2687 nuntiatum
1918 2626 2014 2688 est
2053 2621 2406 2690 Caesarem

356 2714 482 2778 iam
531 2712 815 2795 salutari,
862 2717 928 2777 et
976 2713 1254 2796 separati
1302 2734 1544 2778 sumus.
1595 2750 1676 2759 —
1731 2712 1888 2778 Gell.
1938 2712 2043 2794 20,
2076 2711 2131 2775 1.

501 2911 552 2978 1)
590 2908 660 2974 cf.
699 2908 787 2962 lex
824 2907 958 2962 XII
1008 2906 1116 2962 tab.
1157 2911 1206 2971 3,
1238 2912 1268 2960 6
1308 2907 1526 2975 (Bruns
1562 2905 1614 2958 1⁶
1616 2908 1765 2975 ‚.21)
1950 2907 2003 2973 2)
2040 2905 2130 3029 Istic
2164 2905 2413 2965 redeunt

356 2979 526 3121 Q)Z.b
572 2982 692 3121 ρΒΖ)
717 2993 1119 3048 saepenumero
1158 2979 1387 3047 Knapp.
1571 2981 1625 3047 4)
1673 2977 1828 3048 Very.
1867 2977 2079 3032 Ams
2084 2980 2249 3042 ,648.

448 3069 468 3105 1
509 3069 530 3104 1
