<?xml version="1.0" encoding="UTF-8"?>
<!DOCTYPE html PUBLIC "-//W3C//DTD XHTML 1.0 Transitional//EN"
    "http://www.w3.org/TR/xhtml1/DTD/xhtml1-transitional.dtd">
<html xmlns="http://www.w3.org/1999/xhtml" xml:lang="en" lang="en">
 <head>
  <title>
</title>
<meta http-equiv="Content-Type" content="text/html;charset=utf-8" />
  <meta name='ocr-system' content='tesseract 3.04.00' />
  <meta name='ocr-capabilities' content='ocr_page ocr_carea ocr_par ocr_line ocrx_word'/>
</head>
<body>
  <div class='ocr_page' id='page_1' title='image "./ivrisprvdentiae00kbgoog/ivrisprvdentiae00kbgoog_0271.png"; bbox 0 0 2650 3917; ppageno 0'>
   <div class='ocr_carea' id='block_1_1' title="bbox 858 119 2298 186">
    <p class='ocr_par' dir='ltr' id='par_1_1' title="bbox 858 119 2298 186">
     <span class='ocr_line' id='line_1_1' title="bbox 858 119 2298 186; baseline 0.008 -11"><span class='ocrx_word' id='word_1_1' title='bbox 858 119 981 175; x_wconf 83' lang='lat' dir='ltr'>GAI</span> <span class='ocrx_word' id='word_1_2' title='bbox 1017 120 1273 175; x_wconf 78' lang='lat' dir='ltr'><strong>INSTIT.</strong></span> <span class='ocrx_word' id='word_1_3' title='bbox 1311 122 1363 174; x_wconf 85' lang='grc' dir='ltr'>Π</span> <span class='ocrx_word' id='word_1_4' title='bbox 1401 126 1699 175; x_wconf 75' lang='lat' dir='ltr'>iss-172.</span> <span class='ocrx_word' id='word_1_5' title='bbox 2168 122 2298 186; x_wconf 84' lang='lat'>235</span> 
     </span>
    </p>
   </div>
   <div class='ocr_carea' id='block_1_2' title="bbox 255 282 2400 2516">
    <p class='ocr_par' dir='ltr' id='par_1_2' title="bbox 255 282 2400 2516">
     <span class='ocr_line' id='line_1_2' title="bbox 261 282 2300 371; baseline 0.001 -24"><span class='ocrx_word' id='word_1_6' title='bbox 261 304 416 368; x_wconf 90' lang='lat' dir='ltr'>pore</span> <span class='ocrx_word' id='word_1_7' title='bbox 489 282 799 366; x_wconf 88' lang='lat' dir='ltr'>uoluerit,</span> <span class='ocrx_word' id='word_1_8' title='bbox 873 283 1048 349; x_wconf 86' lang='lat' dir='ltr'>adire</span> <span class='ocrx_word' id='word_1_9' title='bbox 1119 284 1571 367; x_wconf 82' lang='lat' dir='ltr'>hereditatem3</span> <span class='ocrx_word' id='word_1_10' title='bbox 1643 286 1754 350; x_wconf 80' lang='lat' dir='ltr'>sed</span> <span class='ocrx_word' id='word_1_11' title='bbox 1815 285 1981 350; x_wconf 87' lang='lat' dir='ltr'>solet</span> <span class='ocrx_word' id='word_1_12' title='bbox 2037 290 2300 371; x_wconf 90' lang='lat' dir='ltr'>praetor</span> 
     </span>
     <span class='ocr_line' id='line_1_3' title="bbox 260 370 2298 459; baseline 0.002 -23"><span class='ocrx_word' id='word_1_13' title='bbox 260 370 743 457; x_wconf 76' lang='lat' dir='ltr'>postulantibus</span> <span class='ocrx_word' id='word_1_14' title='bbox 810 373 1211 438; x_wconf 81' lang='lat' dir='ltr'>hereditariis</span> <span class='ocrx_word' id='word_1_15' title='bbox 1267 375 1692 439; x_wconf 89' lang='lat' dir='ltr'>creditoribus</span> <span class='ocrx_word' id='word_1_16' title='bbox 1749 380 2006 459; x_wconf 91' lang='lat' dir='ltr'>tempus</span> <span class='ocrx_word' id='word_1_17' title='bbox 2063 378 2298 440; x_wconf 89' lang='lat' dir='ltr'>consti-</span> 
     </span>
     <span class='ocr_line' id='line_1_4' title="bbox 257 462 2298 549; baseline 0.002 -24"><span class='ocrx_word' id='word_1_18' title='bbox 257 468 459 543; x_wconf 81' lang='lat' dir='ltr'>tuere,</span> <span class='ocrx_word' id='word_1_19' title='bbox 505 462 679 524; x_wconf 90' lang='lat' dir='ltr'>intra</span> <span class='ocrx_word' id='word_1_20' title='bbox 725 462 925 545; x_wconf 89' lang='lat' dir='ltr'>quod,</span> <span class='ocrx_word' id='word_1_21' title='bbox 974 464 1029 527; x_wconf 92' lang='lat' dir='ltr'>si</span> <span class='ocrx_word' id='word_1_22' title='bbox 1075 463 1262 545; x_wconf 89' lang='lat' dir='ltr'>uelit,</span> <span class='ocrx_word' id='word_1_23' title='bbox 1308 463 1531 528; x_wconf 89' lang='lat' dir='ltr'>adeat1</span> <span class='ocrx_word' id='word_1_24' title='bbox 1578 464 2025 549; x_wconf 84' lang='lat' dir='ltr'>hereditatem,</span> <span class='ocrx_word' id='word_1_25' title='bbox 2082 466 2135 528; x_wconf 92' lang='lat' dir='ltr'>si</span> <span class='ocrx_word' id='word_1_26' title='bbox 2184 466 2298 530; x_wconf 92' lang='lat' dir='ltr'>mi—</span> 
     </span>
     <span class='ocr_line' id='line_1_5' title="bbox 258 550 2296 634; baseline 0.001 -18"><span class='ocrx_word' id='word_1_27' title='bbox 258 573 407 634; x_wconf 89' lang='lat' dir='ltr'>nus,</span> <span class='ocrx_word' id='word_1_28' title='bbox 481 554 555 612; x_wconf 93' lang='lat' dir='ltr'>ut</span> <span class='ocrx_word' id='word_1_29' title='bbox 619 550 813 616; x_wconf 85' lang='lat' dir='ltr'>liceat</span> <span class='ocrx_word' id='word_1_30' title='bbox 887 552 1310 616; x_wconf 88' lang='lat' dir='ltr'>creditoribus</span> <span class='ocrx_word' id='word_1_31' title='bbox 1376 550 1582 617; x_wconf 74' lang='lat' dir='ltr'>bona²</span> <span class='ocrx_word' id='word_1_32' title='bbox 1647 553 1932 619; x_wconf 82' lang='lat' dir='ltr'>defuncti</span> <span class='ocrx_word' id='word_1_33' title='bbox 2003 555 2296 620; x_wconf 89' lang='lat' dir='ltr'>uendere.</span> 
     </span>
     <span class='ocr_line' id='line_1_6' title="bbox 258 637 2400 730; baseline -0.001 -25"><span class='ocrx_word' id='word_1_34' title='bbox 258 642 382 706; x_wconf 82' lang='grc'><strong>168.</strong></span> <span class='ocrx_word' id='word_1_35' title='bbox 434 637 606 704; x_wconf 73' lang='lat' dir='ltr'>Sicut</span> <span class='ocrx_word' id='word_1_36' title='bbox 660 644 874 704; x_wconf 90' lang='lat' dir='ltr'>autem</span> <span class='ocrx_word' id='word_1_37' title='bbox 930 639 1075 723; x_wconf 74' lang='lat' dir='ltr'>qui⁸</span> <span class='ocrx_word' id='word_1_38' title='bbox 1129 663 1275 706; x_wconf 93' lang='lat' dir='ltr'>cum</span> <span class='ocrx_word' id='word_1_39' title='bbox 1335 642 1617 707; x_wconf 82' lang='lat' dir='ltr'>cretione</span> <span class='ocrx_word' id='word_1_40' title='bbox 1658 639 1666 730; x_wconf 89' lang='grc' dir='ltr'>Ι</span> <span class='ocrx_word' id='word_1_41' title='bbox 1706 642 1892 708; x_wconf 88' lang='lat' dir='ltr'>heres</span> <span class='ocrx_word' id='word_1_42' title='bbox 1957 643 2295 709; x_wconf 88' lang='lat' dir='ltr'>institutus</span> <span class='ocrx_word' id='word_1_43' title='bbox 2335 657 2400 704; x_wconf 88' lang='grc'><strong>97</strong></span> 
     </span>
     <span class='ocr_line' id='line_1_7' title="bbox 258 729 2299 816; baseline 0.002 -21"><span class='ocrx_word' id='word_1_44' title='bbox 258 735 375 812; x_wconf 91' lang='lat' dir='ltr'>est,</span> <span class='ocrx_word' id='word_1_45' title='bbox 420 729 549 793; x_wconf 89' lang='lat' dir='ltr'>nisi</span> <span class='ocrx_word' id='word_1_46' title='bbox 596 731 870 794; x_wconf 91' lang='lat' dir='ltr'>creuerit</span> <span class='ocrx_word' id='word_1_47' title='bbox 934 730 1376 814; x_wconf 86' lang='lat' dir='ltr'>hereditatem,</span> <span class='ocrx_word' id='word_1_48' title='bbox 1438 753 1570 795; x_wconf 91' lang='lat' dir='ltr'>non</span> <span class='ocrx_word' id='word_1_49' title='bbox 1629 733 1707 796; x_wconf 88' lang='lat' dir='ltr'>fit</span> <span class='ocrx_word' id='word_1_50' title='bbox 1760 732 1963 816; x_wconf 81' lang='lat' dir='ltr'>hereS,</span> <span class='ocrx_word' id='word_1_51' title='bbox 2026 734 2122 797; x_wconf 84' lang='lat' dir='ltr'>ita</span> <span class='ocrx_word' id='word_1_52' title='bbox 2166 755 2299 799; x_wconf 88' lang='lat' dir='ltr'>non</span> 
     </span>
     <span class='ocr_line' id='line_1_8' title="bbox 258 819 2297 904; baseline 0.001 -20"><span class='ocrx_word' id='word_1_53' title='bbox 258 820 447 884; x_wconf 89' lang='lat' dir='ltr'>aliter</span> <span class='ocrx_word' id='word_1_54' title='bbox 499 819 887 904; x_wconf 77' lang='lat' dir='ltr'>excluditur,</span> <span class='ocrx_word' id='word_1_55' title='bbox 945 842 1134 903; x_wconf 91' lang='lat' dir='ltr'>quam</span> <span class='ocrx_word' id='word_1_56' title='bbox 1183 822 1238 885; x_wconf 92' lang='lat' dir='ltr'>si</span> <span class='ocrx_word' id='word_1_57' title='bbox 1284 842 1417 885; x_wconf 92' lang='lat' dir='ltr'>non</span> <span class='ocrx_word' id='word_1_58' title='bbox 1472 822 1746 885; x_wconf 89' lang='lat' dir='ltr'>creuerit</span> <span class='ocrx_word' id='word_1_59' title='bbox 1799 822 1972 886; x_wconf 84' lang='lat' dir='ltr'>intra</span> <span class='ocrx_word' id='word_1_60' title='bbox 2017 822 2084 885; x_wconf 94' lang='lat' dir='ltr'>id</span> <span class='ocrx_word' id='word_1_61' title='bbox 2138 825 2297 887; x_wconf 92' lang='lat' dir='ltr'>tem-</span> 
     </span>
     <span class='ocr_line' id='line_1_9' title="bbox 257 909 2295 996; baseline 0 -22"><span class='ocrx_word' id='word_1_62' title='bbox 257 934 409 996; x_wconf 89' lang='lat' dir='ltr'>pus,</span> <span class='ocrx_word' id='word_1_63' title='bbox 457 930 586 991; x_wconf 89' lang='lat' dir='ltr'>quo</span> <span class='ocrx_word' id='word_1_64' title='bbox 634 909 834 973; x_wconf 90' lang='lat' dir='ltr'>cretio</span> <span class='ocrx_word' id='word_1_65' title='bbox 882 910 1069 973; x_wconf 88' lang='lat' dir='ltr'>finita</span> <span class='ocrx_word' id='word_1_66' title='bbox 1116 910 1221 993; x_wconf 78' lang='lat' dir='ltr'>sit3</span> <span class='ocrx_word' id='word_1_67' title='bbox 1276 910 1494 993; x_wconf 89' lang='lat' dir='ltr'>itaque</span> <span class='ocrx_word' id='word_1_68' title='bbox 1540 910 1694 974; x_wconf 89' lang='lat' dir='ltr'>licet</span> <span class='ocrx_word' id='word_1_69' title='bbox 1750 914 1896 975; x_wconf 85' lang='lat' dir='ltr'>ante</span> <span class='ocrx_word' id='word_1_70' title='bbox 1951 911 2119 975; x_wconf 90' lang='lat' dir='ltr'>diem</span> <span class='ocrx_word' id='word_1_71' title='bbox 2168 934 2295 976; x_wconf 90' lang='lat' dir='ltr'>cre-</span> 
     </span>
     <span class='ocr_line' id='line_1_10' title="bbox 258 998 2296 1085; baseline 0 -21"><span class='ocrx_word' id='word_1_72' title='bbox 258 1001 455 1066; x_wconf 81' lang='lat' dir='ltr'>tionis</span> <span class='ocrx_word' id='word_1_73' title='bbox 504 999 913 1063; x_wconf 86' lang='lat' dir='ltr'>constituerit</span> <span class='ocrx_word' id='word_1_74' title='bbox 959 998 1380 1063; x_wconf 85' lang='lat' dir='ltr'>hereditatem</span> <span class='ocrx_word' id='word_1_75' title='bbox 1419 1020 1554 1064; x_wconf 93' lang='lat' dir='ltr'>non</span> <span class='ocrx_word' id='word_1_76' title='bbox 1591 999 1781 1082; x_wconf 85' lang='lat' dir='ltr'>adire,</span> <span class='ocrx_word' id='word_1_77' title='bbox 1829 1005 2044 1064; x_wconf 82' lang='lat' dir='ltr'>tamen</span> <span class='ocrx_word' id='word_1_78' title='bbox 2082 1002 2296 1085; x_wconf 84' lang='lat' dir='ltr'>paeni-</span> 
     </span>
     <span class='ocr_line' id='line_1_11' title="bbox 255 1086 2296 1170; baseline -0 -14"><span class='ocrx_word' id='word_1_79' title='bbox 255 1092 461 1156; x_wconf 90' lang='lat' dir='ltr'>tentia</span> <span class='ocrx_word' id='word_1_80' title='bbox 516 1086 735 1154; x_wconf 80' lang='lat' dir='ltr'>actus4</span> <span class='ocrx_word' id='word_1_81' title='bbox 791 1091 1134 1170; x_wconf 83' lang='lat' dir='ltr'>superante</span> <span class='ocrx_word' id='word_1_82' title='bbox 1192 1087 1292 1152; x_wconf 94' lang='lat' dir='ltr'>die</span> <span class='ocrx_word' id='word_1_83' title='bbox 1359 1088 1664 1153; x_wconf 82' lang='lat' dir='ltr'>cretionis</span> <span class='ocrx_word' id='word_1_84' title='bbox 1731 1090 2047 1153; x_wconf 91' lang='lat' dir='ltr'>cernendo</span> <span class='ocrx_word' id='word_1_85' title='bbox 2112 1090 2296 1155; x_wconf 89' lang='lat' dir='ltr'>heres</span> 
     </span>
     <span class='ocr_line' id='line_1_12' title="bbox 258 1176 2297 1264; baseline -0.001 -19"><span class='ocrx_word' id='word_1_86' title='bbox 258 1201 397 1245; x_wconf 88' lang='lat' dir='ltr'>esse</span> <span class='ocrx_word' id='word_1_87' title='bbox 444 1181 677 1264; x_wconf 87' lang='lat' dir='ltr'>potest.</span> <span class='ocrx_word' id='word_1_88' title='bbox 769 1176 893 1241; x_wconf 76' lang='lat'><strong>169.</strong></span> <span class='ocrx_word' id='word_1_89' title='bbox 942 1176 1033 1240; x_wconf 89' lang='lat' dir='ltr'>At</span> <span class='ocrx_word' id='word_1_90' title='bbox 1078 1176 1153 1261; x_wconf 85' lang='lat' dir='ltr'>is,</span> <span class='ocrx_word' id='word_1_91' title='bbox 1201 1178 1313 1260; x_wconf 91' lang='lat' dir='ltr'>qui</span> <span class='ocrx_word' id='word_1_92' title='bbox 1362 1179 1499 1241; x_wconf 88' lang='lat' dir='ltr'>sine</span> <span class='ocrx_word' id='word_1_93' title='bbox 1548 1179 1828 1243; x_wconf 87' lang='lat' dir='ltr'>cretione</span> <span class='ocrx_word' id='word_1_94' title='bbox 1882 1179 2070 1243; x_wconf 90' lang='lat' dir='ltr'>heres</span> <span class='ocrx_word' id='word_1_95' title='bbox 2117 1180 2297 1243; x_wconf 89' lang='lat' dir='ltr'>insti-</span> 
     </span>
     <span class='ocr_line' id='line_1_13' title="bbox 256 1262 2299 1353; baseline -0 -18"><span class='ocrx_word' id='word_1_96' title='bbox 256 1274 439 1335; x_wconf 90' lang='lat' dir='ltr'>tutus</span> <span class='ocrx_word' id='word_1_97' title='bbox 479 1271 594 1351; x_wconf 91' lang='lat' dir='ltr'>est,</span> <span class='ocrx_word' id='word_1_98' title='bbox 642 1262 870 1351; x_wconf 77' lang='lat' dir='ltr'>quiue⁶</span> <span class='ocrx_word' id='word_1_99' title='bbox 908 1267 987 1331; x_wconf 90' lang='lat' dir='ltr'>ab</span> <span class='ocrx_word' id='word_1_100' title='bbox 1035 1267 1340 1331; x_wconf 85' lang='lat' dir='ltr'>intestato</span> <span class='ocrx_word' id='word_1_101' title='bbox 1379 1290 1494 1351; x_wconf 89' lang='lat' dir='ltr'>per</span> <span class='ocrx_word' id='word_1_102' title='bbox 1537 1269 1744 1353; x_wconf 82' lang='lat' dir='ltr'>legem</span> <span class='ocrx_word' id='word_1_103' title='bbox 1793 1273 2081 1349; x_wconf 88' lang='lat' dir='ltr'>uocatur,</span> <span class='ocrx_word' id='word_1_104' title='bbox 2128 1271 2299 1334; x_wconf 90' lang='lat' dir='ltr'>sicut</span> 
     </span>
     <span class='ocr_line' id='line_1_14' title="bbox 255 1355 2297 1439; baseline -0 -15"><span class='ocrx_word' id='word_1_105' title='bbox 255 1360 595 1424; x_wconf 88' lang='lat' dir='ltr'>uoluntate</span> <span class='ocrx_word' id='word_1_106' title='bbox 641 1357 816 1420; x_wconf 91' lang='lat' dir='ltr'>nuda</span> <span class='ocrx_word' id='word_1_107' title='bbox 859 1356 1042 1421; x_wconf 89' lang='lat' dir='ltr'>heres</span> <span class='ocrx_word' id='word_1_108' title='bbox 1089 1355 1191 1439; x_wconf 90' lang='lat' dir='ltr'>fit,</span> <span class='ocrx_word' id='word_1_109' title='bbox 1235 1356 1329 1420; x_wconf 80' lang='lat' dir='ltr'>ita</span> <span class='ocrx_word' id='word_1_110' title='bbox 1376 1361 1441 1421; x_wconf 93' lang='lat' dir='ltr'>et</span> <span class='ocrx_word' id='word_1_111' title='bbox 1496 1358 1816 1422; x_wconf 82' lang='lat' dir='ltr'>contraria</span> <span class='ocrx_word' id='word_1_112' title='bbox 1871 1358 2297 1423; x_wconf 90' lang='lat' dir='ltr'>destinatione</span> 
     </span>
     <span class='ocr_line' id='line_1_15' title="bbox 257 1445 2296 1529; baseline -0 -16"><span class='ocrx_word' id='word_1_113' title='bbox 257 1445 481 1513; x_wconf 88' lang='lat' dir='ltr'>statim</span> <span class='ocrx_word' id='word_1_114' title='bbox 554 1447 633 1511; x_wconf 88' lang='lat' dir='ltr'>ab</span> <span class='ocrx_word' id='word_1_115' title='bbox 707 1446 1065 1510; x_wconf 89' lang='lat' dir='ltr'>hereditate</span> <span class='ocrx_word' id='word_1_116' title='bbox 1138 1445 1489 1529; x_wconf 88' lang='lat' dir='ltr'>repellitur.</span> <span class='ocrx_word' id='word_1_117' title='bbox 1600 1447 1725 1512; x_wconf 90' lang='grc'><strong>170.</strong></span> <span class='ocrx_word' id='word_1_118' title='bbox 1779 1445 2006 1512; x_wconf 87' lang='lat' dir='ltr'>Omnis</span> <span class='ocrx_word' id='word_1_119' title='bbox 2081 1453 2296 1513; x_wconf 84' lang='lat' dir='ltr'>autem</span> 
     </span>
     <span class='ocr_line' id='line_1_16' title="bbox 256 1537 2297 1621; baseline -0.001 -18"><span class='ocrx_word' id='word_1_120' title='bbox 256 1541 459 1603; x_wconf 90' lang='lat' dir='ltr'>cretio</span> <span class='ocrx_word' id='word_1_121' title='bbox 534 1541 707 1602; x_wconf 72' lang='lat' dir='ltr'>certo</span> <span class='ocrx_word' id='word_1_122' title='bbox 790 1539 1079 1621; x_wconf 89' lang='lat' dir='ltr'>tempore</span> <span class='ocrx_word' id='word_1_123' title='bbox 1153 1537 1634 1621; x_wconf 84' lang='lat' dir='ltr'>constringitur.</span> <span class='ocrx_word' id='word_1_124' title='bbox 1740 1538 1808 1601; x_wconf 94' lang='lat' dir='ltr'>in</span> <span class='ocrx_word' id='word_1_125' title='bbox 1893 1558 2085 1620; x_wconf 91' lang='lat' dir='ltr'>quam</span> <span class='ocrx_word' id='word_1_126' title='bbox 2161 1559 2297 1601; x_wconf 86' lang='lat' dir='ltr'>rem</span> 
     </span>
     <span class='ocr_line' id='line_1_17' title="bbox 256 1625 2298 1710; baseline -0.001 -17"><span class='ocrx_word' id='word_1_127' title='bbox 256 1627 594 1693; x_wconf 89' lang='lat' dir='ltr'>tolerabile</span> <span class='ocrx_word' id='word_1_128' title='bbox 657 1631 914 1710; x_wconf 90' lang='lat' dir='ltr'>tempus</span> <span class='ocrx_word' id='word_1_129' title='bbox 978 1625 1196 1689; x_wconf 89' lang='lat' dir='ltr'>uisum</span> <span class='ocrx_word' id='word_1_130' title='bbox 1260 1628 1360 1688; x_wconf 88' lang='lat' dir='ltr'>est</span> <span class='ocrx_word' id='word_1_131' title='bbox 1419 1629 1675 1689; x_wconf 90' lang='lat' dir='ltr'>centum</span> <span class='ocrx_word' id='word_1_132' title='bbox 1740 1626 2014 1690; x_wconf 85' lang='lat' dir='ltr'>dierum:</span> <span class='ocrx_word' id='word_1_133' title='bbox 2080 1631 2298 1710; x_wconf 93' lang='lat' dir='ltr'>potest</span> 
     </span>
     <span class='ocr_line' id='line_1_18' title="bbox 255 1713 2295 1801; baseline -0 -19"><span class='ocrx_word' id='word_1_134' title='bbox 255 1722 477 1783; x_wconf 85' lang='lat' dir='ltr'>tamen</span> <span class='ocrx_word' id='word_1_135' title='bbox 521 1716 728 1781; x_wconf 90' lang='lat' dir='ltr'>nihilo</span> <span class='ocrx_word' id='word_1_136' title='bbox 768 1713 983 1778; x_wconf 88' lang='lat' dir='ltr'>minus</span> <span class='ocrx_word' id='word_1_137' title='bbox 1019 1713 1157 1779; x_wconf 87' lang='lat' dir='ltr'>iure</span> <span class='ocrx_word' id='word_1_138' title='bbox 1205 1714 1385 1778; x_wconf 88' lang='lat' dir='ltr'>ciuili</span> <span class='ocrx_word' id='word_1_139' title='bbox 1424 1719 1536 1778; x_wconf 91' lang='lat' dir='ltr'>aut</span> <span class='ocrx_word' id='word_1_140' title='bbox 1580 1714 1839 1801; x_wconf 86' lang='lat' dir='ltr'>longius</span> <span class='ocrx_word' id='word_1_141' title='bbox 1877 1719 1991 1780; x_wconf 84' lang='lat' dir='ltr'>aut</span> <span class='ocrx_word' id='word_1_142' title='bbox 2037 1717 2295 1781; x_wconf 89' lang='lat' dir='ltr'>breuius</span> 
     </span>
     <span class='ocr_line' id='line_1_19' title="bbox 257 1803 2296 1892; baseline -0.001 -20"><span class='ocrx_word' id='word_1_143' title='bbox 257 1812 515 1892; x_wconf 90' lang='lat' dir='ltr'>tempus</span> <span class='ocrx_word' id='word_1_144' title='bbox 564 1807 728 1889; x_wconf 84' lang='lat' dir='ltr'>dari3</span> <span class='ocrx_word' id='word_1_145' title='bbox 783 1805 1043 1888; x_wconf 83' lang='lat' dir='ltr'>longius</span> <span class='ocrx_word' id='word_1_146' title='bbox 1091 1807 1309 1867; x_wconf 83' lang='lat' dir='ltr'>tamen</span> <span class='ocrx_word' id='word_1_147' title='bbox 1354 1803 1676 1868; x_wconf 87' lang='lat' dir='ltr'>interdum</span> <span class='ocrx_word' id='word_1_148' title='bbox 1725 1808 1985 1887; x_wconf 89' lang='lat' dir='ltr'>praetor</span> <span class='ocrx_word' id='word_1_149' title='bbox 2030 1810 2296 1870; x_wconf 88' lang='lat' dir='ltr'>coartat.</span> 
     </span>
     <span class='ocr_line' id='line_1_20' title="bbox 257 1892 2297 1980; baseline -0.001 -20"><span class='ocrx_word' id='word_1_150' title='bbox 257 1896 375 1961; x_wconf 84' lang='lat'><strong>171.</strong></span> <span class='ocrx_word' id='word_1_151' title='bbox 424 1895 513 1959; x_wconf 87' lang='lat' dir='ltr'>Et</span> <span class='ocrx_word' id='word_1_152' title='bbox 571 1894 866 1980; x_wconf 84' lang='lat' dir='ltr'>quamuis</span> <span class='ocrx_word' id='word_1_153' title='bbox 925 1892 1130 1957; x_wconf 90' lang='lat' dir='ltr'>omnis</span> <span class='ocrx_word' id='word_1_154' title='bbox 1189 1893 1389 1958; x_wconf 89' lang='lat' dir='ltr'>cretio</span> <span class='ocrx_word' id='word_1_155' title='bbox 1449 1893 1638 1957; x_wconf 87' lang='lat' dir='ltr'>certis</span> <span class='ocrx_word' id='word_1_156' title='bbox 1695 1893 1920 1958; x_wconf 91' lang='lat' dir='ltr'>diebus</span> <span class='ocrx_word' id='word_1_157' title='bbox 1987 1895 2297 1960; x_wconf 89' lang='lat' dir='ltr'>constrin-</span> 
     </span>
     <span class='ocr_line' id='line_1_21' title="bbox 258 1982 2298 2074; baseline -0.002 -22"><span class='ocrx_word' id='word_1_158' title='bbox 258 1991 478 2074; x_wconf 84' lang='lat' dir='ltr'>gatur,</span> <span class='ocrx_word' id='word_1_159' title='bbox 524 1997 741 2049; x_wconf 89' lang='lat' dir='ltr'>tamen</span> <span class='ocrx_word' id='word_1_160' title='bbox 786 1985 913 2048; x_wconf 82' lang='lat' dir='ltr'>alia</span> <span class='ocrx_word' id='word_1_161' title='bbox 958 1984 1159 2048; x_wconf 87' lang='lat' dir='ltr'>cretio</span> <span class='ocrx_word' id='word_1_162' title='bbox 1217 1982 1505 2066; x_wconf 86' lang='lat' dir='ltr'>uulgaris</span> <span class='ocrx_word' id='word_1_163' title='bbox 1561 1985 1856 2066; x_wconf 85' lang='lat' dir='ltr'>uocatur,</span> <span class='ocrx_word' id='word_1_164' title='bbox 1916 1984 2043 2047; x_wconf 90' lang='lat' dir='ltr'>alia</span> <span class='ocrx_word' id='word_1_165' title='bbox 2097 1988 2298 2048; x_wconf 89' lang='lat' dir='ltr'>certo-</span> 
     </span>
     <span class='ocr_line' id='line_1_22' title="bbox 255 2070 2298 2157; baseline -0.002 -16"><span class='ocrx_word' id='word_1_166' title='bbox 255 2099 405 2141; x_wconf 90' lang='lat' dir='ltr'>rum</span> <span class='ocrx_word' id='word_1_167' title='bbox 454 2076 725 2140; x_wconf 85' lang='lat' dir='ltr'>dierum:</span> <span class='ocrx_word' id='word_1_168' title='bbox 772 2071 1061 2157; x_wconf 83' lang='lat' dir='ltr'>uulgaris</span> <span class='ocrx_word' id='word_1_169' title='bbox 1099 2070 1231 2156; x_wconf 88' lang='lat' dir='ltr'>illa,</span> <span class='ocrx_word' id='word_1_170' title='bbox 1279 2093 1471 2155; x_wconf 84' lang='lat' dir='ltr'>quam</span> <span class='ocrx_word' id='word_1_171' title='bbox 1513 2093 1707 2155; x_wconf 83' lang='lat' dir='ltr'>supra</span> <span class='ocrx_word' id='word_1_172' title='bbox 1752 2073 2184 2157; x_wconf 84' lang='lat' dir='ltr'>exposuimus,</span> <span class='ocrx_word' id='word_1_173' title='bbox 2230 2073 2298 2137; x_wconf 92' lang='lat' dir='ltr'>id</span> 
     </span>
     <span class='ocr_line' id='line_1_23' title="bbox 257 2160 2297 2247; baseline -0.002 -16"><span class='ocrx_word' id='word_1_174' title='bbox 257 2171 377 2246; x_wconf 89' lang='lat' dir='ltr'>est,</span> <span class='ocrx_word' id='word_1_175' title='bbox 423 2165 493 2228; x_wconf 90' lang='lat' dir='ltr'>in</span> <span class='ocrx_word' id='word_1_176' title='bbox 539 2186 667 2247; x_wconf 88' lang='lat' dir='ltr'>qua</span> <span class='ocrx_word' id='word_1_177' title='bbox 711 2160 1112 2226; x_wconf 74' lang='lat' dir='ltr'>adiciuntur⁶</span> <span class='ocrx_word' id='word_1_178' title='bbox 1156 2161 1316 2224; x_wconf 87' lang='lat' dir='ltr'>haec</span> <span class='ocrx_word' id='word_1_179' title='bbox 1362 2161 1585 2225; x_wconf 88' lang='lat' dir='ltr'>uerba:</span> <span class='ocrx_word' id='word_1_180' title='bbox 1644 2178 1892 2238; x_wconf 81' lang='lat' dir='ltr'><strong>QVIBVS</strong></span> <span class='ocrx_word' id='word_1_181' title='bbox 1942 2179 2131 2226; x_wconf 75' lang='lat' dir='ltr'><strong>SGIET</strong></span> <span class='ocrx_word' id='word_1_182' title='bbox 2181 2179 2297 2227; x_wconf 86' lang='lat' dir='ltr'>Po-</span> 
     </span>
     <span class='ocr_line' id='line_1_24' title="bbox 260 2249 2297 2334; baseline -0.001 -15"><span class='ocrx_word' id='word_1_183' title='bbox 260 2271 642 2331; x_wconf 76' lang='lat' dir='ltr'><strong>TERITQVE:</strong></span> <span class='ocrx_word' id='word_1_184' title='bbox 725 2255 1046 2317; x_wconf 85' lang='lat' dir='ltr'>certorum</span> <span class='ocrx_word' id='word_1_185' title='bbox 1123 2250 1396 2334; x_wconf 89' lang='lat' dir='ltr'>dierum,</span> <span class='ocrx_word' id='word_1_186' title='bbox 1476 2249 1545 2314; x_wconf 90' lang='lat' dir='ltr'>in</span> <span class='ocrx_word' id='word_1_187' title='bbox 1618 2272 1746 2333; x_wconf 84' lang='lat' dir='ltr'>qua</span> <span class='ocrx_word' id='word_1_188' title='bbox 1819 2250 2120 2316; x_wconf 87' lang='lat' dir='ltr'>detractis</span> <span class='ocrx_word' id='word_1_189' title='bbox 2195 2251 2297 2318; x_wconf 89' lang='lat' dir='ltr'>his</span> 
     </span>
     <span class='ocr_line' id='line_1_25' title="bbox 258 2338 2298 2427; baseline -0.002 -18"><span class='ocrx_word' id='word_1_190' title='bbox 258 2344 476 2409; x_wconf 89' lang='lat' dir='ltr'>uerbis</span> <span class='ocrx_word' id='word_1_191' title='bbox 505 2346 715 2408; x_wconf 89' lang='lat' dir='ltr'>cetera</span> <span class='ocrx_word' id='word_1_192' title='bbox 742 2340 1129 2406; x_wconf 89' lang='lat' dir='ltr'>scribuntur.</span> <span class='ocrx_word' id='word_1_193' title='bbox 1203 2339 1330 2404; x_wconf 84' lang='lat'>172.</span> <span class='ocrx_word' id='word_1_194' title='bbox 1362 2338 1647 2417; x_wconf 86' lang='lat' dir='ltr'>Quarum</span> <span class='ocrx_word' id='word_1_195' title='bbox 1677 2339 2034 2405; x_wconf 92' lang='lat' dir='ltr'>cretionum</span> <span class='ocrx_word' id='word_1_196' title='bbox 2063 2363 2298 2427; x_wconf 80' lang='lat' dir='ltr'>magna</span> 
     </span>
     <span class='ocr_line' id='line_1_26' title="bbox 257 2429 2296 2516; baseline -0.002 -17"><span class='ocrx_word' id='word_1_197' title='bbox 257 2432 620 2499; x_wconf 86' lang='lat' dir='ltr'>differentia</span> <span class='ocrx_word' id='word_1_198' title='bbox 675 2436 799 2496; x_wconf 85' lang='lat' dir='ltr'>est:</span> <span class='ocrx_word' id='word_1_199' title='bbox 864 2452 1011 2495; x_wconf 87' lang='lat' dir='ltr'>nam</span> <span class='ocrx_word' id='word_1_200' title='bbox 1077 2430 1336 2516; x_wconf 87' lang='lat' dir='ltr'>uulgari</span> <span class='ocrx_word' id='word_1_201' title='bbox 1401 2429 1681 2494; x_wconf 88' lang='lat' dir='ltr'>cretione</span> <span class='ocrx_word' id='word_1_202' title='bbox 1739 2429 1882 2493; x_wconf 85' lang='lat' dir='ltr'>data</span> <span class='ocrx_word' id='word_1_203' title='bbox 1939 2431 2105 2494; x_wconf 92' lang='lat' dir='ltr'>nulli</span> <span class='ocrx_word' id='word_1_204' title='bbox 2163 2431 2296 2494; x_wconf 89' lang='lat' dir='ltr'>dies</span> 
     </span>
    </p>
   </div>
   <div class='ocr_carea' id='block_1_3' title="bbox 255 2622 2296 2766">
    <p class='ocr_par' dir='ltr' id='par_1_3' title="bbox 255 2622 2296 2766">
     <span class='ocr_line' id='line_1_27' title="bbox 405 2622 2296 2696; baseline -0.001 -17"><span class='ocrx_word' id='word_1_205' title='bbox 405 2629 457 2695; x_wconf 90' lang='lat'>1)</span> <span class='ocrx_word' id='word_1_206' title='bbox 494 2625 639 2679; x_wconf 88' lang='lat' dir='ltr'>uelit</span> <span class='ocrx_word' id='word_1_207' title='bbox 675 2625 869 2696; x_wconf 80' lang='lat' dir='ltr'>adeat]</span> <span class='ocrx_word' id='word_1_208' title='bbox 924 2624 1108 2678; x_wconf 89' lang='lat' dir='ltr'>uelint</span> <span class='ocrx_word' id='word_1_209' title='bbox 1151 2622 1402 2677; x_wconf 83' lang='lat' dir='ltr'>hadeant</span> <span class='ocrx_word' id='word_1_210' title='bbox 1439 2623 1506 2676; x_wconf 89' lang='lat' dir='ltr'>V.</span> <span class='ocrx_word' id='word_1_211' title='bbox 1728 2626 1781 2692; x_wconf 84' lang='lat'>2)</span> <span class='ocrx_word' id='word_1_212' title='bbox 1820 2623 1968 2678; x_wconf 79' lang='lat' dir='ltr'>bona</span> <span class='ocrx_word' id='word_1_213' title='bbox 2009 2624 2296 2679; x_wconf 73' lang='lat' dir='ltr'>Goeschen.</span> 
     </span>
     <span class='ocr_line' id='line_1_28' title="bbox 255 2695 2153 2766; baseline -0.002 -14"><span class='ocrx_word' id='word_1_214' title='bbox 255 2705 295 2752; x_wconf 76' lang='lat' dir='ltr'>fi</span> <span class='ocrx_word' id='word_1_215' title='bbox 332 2697 401 2752; x_wconf 86' lang='lat' dir='ltr'>V.</span> <span class='ocrx_word' id='word_1_216' title='bbox 586 2700 638 2766; x_wconf 83' lang='lat'>3)</span> <span class='ocrx_word' id='word_1_217' title='bbox 677 2696 824 2751; x_wconf 88' lang='lat' dir='ltr'>sicut</span> <span class='ocrx_word' id='word_1_218' title='bbox 860 2699 1051 2751; x_wconf 89' lang='lat' dir='ltr'>autem</span> <span class='ocrx_word' id='word_1_219' title='bbox 1099 2695 1198 2763; x_wconf 88' lang='lat' dir='ltr'>qui</span> <span class='ocrx_word' id='word_1_220' title='bbox 1237 2696 1582 2749; x_wconf 76' lang='lat' dir='ltr'>Lachmann.</span> <span class='ocrx_word' id='word_1_221' title='bbox 1640 2696 1689 2749; x_wconf 91' lang='lat' dir='ltr'>si</span> <span class='ocrx_word' id='word_1_222' title='bbox 1727 2695 1825 2762; x_wconf 89' lang='lat' dir='ltr'>qui</span> <span class='ocrx_word' id='word_1_223' title='bbox 1863 2698 2051 2749; x_wconf 84' lang='lat' dir='ltr'>autem</span> <span class='ocrx_word' id='word_1_224' title='bbox 2087 2695 2153 2749; x_wconf 89' lang='lat' dir='ltr'>V.</span> 
     </span>
    </p>
   </div>
   <div class='ocr_carea' id='block_1_4' title="bbox 246 2767 2297 2912">
    <p class='ocr_par' dir='ltr' id='par_1_4' title="bbox 246 2767 2297 2912">
     <span class='ocr_line' id='line_1_29' title="bbox 257 2767 2297 2839; baseline -0.001 -16"><span class='ocrx_word' id='word_1_225' title='bbox 257 2774 314 2839; x_wconf 82' lang='lat'>4)</span> <span class='ocrx_word' id='word_1_226' title='bbox 353 2772 515 2823; x_wconf 82' lang='lat' dir='ltr'>actus</span> <span class='ocrx_word' id='word_1_227' title='bbox 552 2769 619 2822; x_wconf 87' lang='lat' dir='ltr'>V.</span> <span class='ocrx_word' id='word_1_228' title='bbox 688 2770 876 2836; x_wconf 75' lang='lat' dir='ltr'>firmat</span> <span class='ocrx_word' id='word_1_229' title='bbox 922 2770 1042 2836; x_wconf 80' lang='lat' dir='ltr'>Ulp.</span> <span class='ocrx_word' id='word_1_230' title='bbox 1084 2774 1167 2833; x_wconf 89' lang='lat'>22,</span> <span class='ocrx_word' id='word_1_231' title='bbox 1199 2771 1283 2819; x_wconf 93' lang='grc'>30.</span> <span class='ocrx_word' id='word_1_232' title='bbox 1350 2783 1483 2819; x_wconf 76' lang='lat' dir='ltr'>num</span> <span class='ocrx_word' id='word_1_233' title='bbox 1522 2769 1687 2820; x_wconf 81' lang='lat' dir='ltr'>acta?</span> <span class='ocrx_word' id='word_1_234' title='bbox 1744 2769 1813 2834; x_wconf 77' lang='lat' dir='ltr'>ef.</span> <span class='ocrx_word' id='word_1_235' title='bbox 1846 2767 1904 2820; x_wconf 90' lang='lat' dir='ltr'>V.</span> <span class='ocrx_word' id='word_1_236' title='bbox 1926 2769 1977 2822; x_wconf 93' lang='grc' dir='ltr'>Ι.</span> <span class='ocrx_word' id='word_1_237' title='bbox 2000 2769 2071 2823; x_wconf 80' lang='lat' dir='ltr'>R.</span> <span class='ocrx_word' id='word_1_238' title='bbox 2108 2784 2151 2821; x_wconf 81' lang='lat' dir='ltr'>s.</span> <span class='ocrx_word' id='word_1_239' title='bbox 2191 2783 2297 2837; x_wconf 80' lang='lat' dir='ltr'>ago</span> 
     </span>
     <span class='ocr_line' id='line_1_30' title="bbox 246 2836 1744 2912; baseline -0.003 -17"><span class='ocrx_word' id='word_1_240' title='bbox 246 2861 311 2912; x_wconf 78' lang='lat' dir='ltr'>p.</span> <span class='ocrx_word' id='word_1_241' title='bbox 344 2847 468 2908; x_wconf 83' lang='lat'>315,</span> <span class='ocrx_word' id='word_1_242' title='bbox 498 2847 582 2895; x_wconf 92' lang='lat'>11.</span> <span class='ocrx_word' id='word_1_243' title='bbox 729 2842 783 2909; x_wconf 84' lang='lat'>5)</span> <span class='ocrx_word' id='word_1_244' title='bbox 821 2840 1030 2908; x_wconf 89' lang='lat' dir='ltr'>quique</span> <span class='ocrx_word' id='word_1_245' title='bbox 1068 2839 1136 2892; x_wconf 90' lang='lat' dir='ltr'>V.</span> <span class='ocrx_word' id='word_1_246' title='bbox 1283 2840 1337 2906; x_wconf 90' lang='grc'>6)</span> <span class='ocrx_word' id='word_1_247' title='bbox 1376 2836 1644 2891; x_wconf 88' lang='lat' dir='ltr'>dicuntur</span> <span class='ocrx_word' id='word_1_248' title='bbox 1677 2838 1744 2891; x_wconf 87' lang='lat' dir='ltr'>V.</span> 
     </span>
    </p>
   </div>
   <div class='ocr_carea' id='block_1_5' title="bbox 509 2560 684 2566">
    <p class='ocr_par' dir='ltr' id='par_1_5' title="bbox 509 2560 684 2566">
     <span class='ocr_line' id='line_1_31' title="bbox 509 2560 684 2566; baseline 0 0"><span class='ocrx_word' id='word_1_249' title='bbox 509 2560 684 2566; x_wconf 95' lang='lat' dir='ltr'> </span> 
     </span>
    </p>
   </div>
   <div class='ocr_carea' id='block_1_6' title="bbox 256 2953 690 2963">
    <p class='ocr_par' dir='ltr' id='par_1_6' title="bbox 256 2953 690 2963">
     <span class='ocr_line' id='line_1_32' title="bbox 256 2953 690 2963; baseline 0 954"><span class='ocrx_word' id='word_1_250' title='bbox 256 2953 690 2963; x_wconf 95' lang='lat' dir='ltr'> </span> 
     </span>
    </p>
   </div>
   <div class='ocr_carea' id='block_1_7' title="bbox 261 3019 2300 3589">
    <p class='ocr_par' dir='ltr' id='par_1_7' title="bbox 403 3019 1779 3087">
     <span class='ocr_line' id='line_1_33' title="bbox 403 3019 1779 3087; baseline -0.003 -15"><span class='ocrx_word' id='word_1_251' title='bbox 403 3024 434 3084; x_wconf 66' lang='grc' dir='ltr'><strong>ς</strong></span> <span class='ocrx_word' id='word_1_252' title='bbox 476 3023 595 3072; x_wconf 90' lang='grc'><strong>168.</strong></span> <span class='ocrx_word' id='word_1_253' title='bbox 653 3020 722 3085; x_wconf 77' lang='lat' dir='ltr'>cf.</span> <span class='ocrx_word' id='word_1_254' title='bbox 774 3019 896 3087; x_wconf 80' lang='lat' dir='ltr'>Ulp.</span> <span class='ocrx_word' id='word_1_255' title='bbox 938 3024 1023 3084; x_wconf 83' lang='lat'>22,</span> <span class='ocrx_word' id='word_1_256' title='bbox 1053 3022 1138 3070; x_wconf 88' lang='grc'>30.</span> <span class='ocrx_word' id='word_1_257' title='bbox 1193 3033 1371 3085; x_wconf 76' lang='lat' dir='ltr'>supra</span> <span class='ocrx_word' id='word_1_258' title='bbox 1407 3022 1457 3084; x_wconf 86' lang='lat'>2,</span> <span class='ocrx_word' id='word_1_259' title='bbox 1490 3022 1619 3082; x_wconf 79' lang='lat'>1443</span> <span class='ocrx_word' id='word_1_260' title='bbox 1660 3022 1779 3070; x_wconf 91' lang='grc'><strong>166.</strong></span> 
     </span>
    </p>

    <p class='ocr_par' dir='ltr' id='par_1_8' title="bbox 403 3088 2299 3158">
     <span class='ocr_line' id='line_1_34' title="bbox 403 3088 2299 3158; baseline -0.001 -15"><span class='ocrx_word' id='word_1_261' title='bbox 403 3096 434 3156; x_wconf 67' lang='grc' dir='ltr'><strong>ς</strong></span> <span class='ocrx_word' id='word_1_262' title='bbox 475 3095 594 3143; x_wconf 98' lang='grc'><strong>169.</strong></span> <span class='ocrx_word' id='word_1_263' title='bbox 651 3092 721 3157; x_wconf 78' lang='lat' dir='ltr'>cf.</span> <span class='ocrx_word' id='word_1_264' title='bbox 772 3089 892 3158; x_wconf 68' lang='grc' dir='ltr'><strong>[ΠΡ.</strong></span> <span class='ocrx_word' id='word_1_265' title='bbox 934 3096 1017 3155; x_wconf 98' lang='grc'>22,</span> <span class='ocrx_word' id='word_1_266' title='bbox 1049 3095 1133 3142; x_wconf 92' lang='grc'>29.</span> <span class='ocrx_word' id='word_1_267' title='bbox 1209 3091 1258 3143; x_wconf 92' lang='grc' dir='ltr'>Ι.</span> <span class='ocrx_word' id='word_1_268' title='bbox 1298 3093 1464 3154; x_wconf 86' lang='lat'>2,19,</span> <span class='ocrx_word' id='word_1_269' title='bbox 1498 3093 1544 3141; x_wconf 91' lang='grc'>7.</span> <span class='ocrx_word' id='word_1_270' title='bbox 1619 3090 1695 3141; x_wconf 87' lang='lat' dir='ltr'>D.</span> <span class='ocrx_word' id='word_1_271' title='bbox 1736 3093 1820 3152; x_wconf 85' lang='lat'>29,</span> <span class='ocrx_word' id='word_1_272' title='bbox 1852 3093 1902 3155; x_wconf 91' lang='grc'>2,</span> <span class='ocrx_word' id='word_1_273' title='bbox 1936 3093 2001 3140; x_wconf 84' lang='lat'>13</span> <span class='ocrx_word' id='word_1_274' title='bbox 2016 3106 2107 3156; x_wconf 78' lang='lat' dir='ltr'>pr.</span> <span class='ocrx_word' id='word_1_275' title='bbox 2145 3088 2299 3156; x_wconf 78' lang='lat' dir='ltr'>(Ulp.</span> 
     </span>
    </p>

    <p class='ocr_par' dir='ltr' id='par_1_9' title="bbox 261 3165 2300 3373">
     <span class='ocr_line' id='line_1_35' title="bbox 403 3165 2300 3301; baseline -0.003 -14"><span class='ocrx_word' id='word_1_276' title='bbox 403 3165 435 3299; x_wconf 57' lang='grc' dir='ltr'>ἒ</span> <span class='ocrx_word' id='word_1_277' title='bbox 477 3238 596 3287; x_wconf 85' lang='grc'><strong>170.</strong></span> <span class='ocrx_word' id='word_1_278' title='bbox 654 3235 724 3300; x_wconf 77' lang='lat' dir='ltr'>cf.</span> <span class='ocrx_word' id='word_1_279' title='bbox 763 3235 840 3286; x_wconf 87' lang='lat' dir='ltr'>D.</span> <span class='ocrx_word' id='word_1_280' title='bbox 880 3238 965 3300; x_wconf 83' lang='lat'>28,</span> <span class='ocrx_word' id='word_1_281' title='bbox 995 3237 1044 3299; x_wconf 88' lang='lat'>8,</span> <span class='ocrx_word' id='word_1_282' title='bbox 1077 3238 1107 3284; x_wconf 93' lang='lat'>2</span> <span class='ocrx_word' id='word_1_283' title='bbox 1156 3232 1343 3301; x_wconf 79' lang='lat' dir='ltr'>(Paul.</span> <span class='ocrx_word' id='word_1_284' title='bbox 1385 3233 1526 3298; x_wconf 91' lang='grc'><strong>699).</strong></span> <span class='ocrx_word' id='word_1_285' title='bbox 1597 3230 1707 3284; x_wconf 74' lang='lat' dir='ltr'>Cic.</span> <span class='ocrx_word' id='word_1_286' title='bbox 1745 3231 1821 3284; x_wconf 80' lang='lat' dir='ltr'>ad</span> <span class='ocrx_word' id='word_1_287' title='bbox 1862 3231 1977 3287; x_wconf 84' lang='lat' dir='ltr'>Att.</span> <span class='ocrx_word' id='word_1_288' title='bbox 2020 3237 2104 3297; x_wconf 83' lang='lat'>13,</span> <span class='ocrx_word' id='word_1_289' title='bbox 2134 3236 2220 3296; x_wconf 87' lang='lat'>46,</span> <span class='ocrx_word' id='word_1_290' title='bbox 2251 3236 2300 3283; x_wconf 85' lang='lat'>3.</span> 
     </span>
     <span class='ocr_line' id='line_1_36' title="bbox 261 3304 1842 3373; baseline -0.003 -13"><span class='ocrx_word' id='word_1_291' title='bbox 261 3312 347 3373; x_wconf 82' lang='lat'>15,</span> <span class='ocrx_word' id='word_1_292' title='bbox 380 3312 430 3367; x_wconf 91' lang='grc'>2,</span> <span class='ocrx_word' id='word_1_293' title='bbox 459 3311 492 3357; x_wconf 88' lang='grc'>4</span> <span class='ocrx_word' id='word_1_294' title='bbox 531 3305 720 3373; x_wconf 55' lang='lat' dir='ltr'>(diem</span> <span class='ocrx_word' id='word_1_295' title='bbox 757 3304 1082 3360; x_wconf 74' lang='lat' dir='ltr'>testamenti’</span> <span class='ocrx_word' id='word_1_296' title='bbox 1124 3306 1161 3357; x_wconf 85' lang='lat' dir='ltr'>i.</span> <span class='ocrx_word' id='word_1_297' title='bbox 1190 3321 1232 3357; x_wconf 88' lang='lat' dir='ltr'>e.</span> <span class='ocrx_word' id='word_1_298' title='bbox 1273 3304 1527 3357; x_wconf 77' lang='lat' dir='ltr'>cretionis</span> <span class='ocrx_word' id='word_1_299' title='bbox 1562 3304 1842 3372; x_wconf 70' lang='lat' dir='ltr'>spatium).</span> 
     </span>
    </p>

    <p class='ocr_par' dir='ltr' id='par_1_10' title="bbox 262 3374 2300 3517">
     <span class='ocr_line' id='line_1_37' title="bbox 404 3374 2300 3446; baseline -0.002 -16"><span class='ocrx_word' id='word_1_300' title='bbox 404 3382 435 3442; x_wconf 60' lang='grc' dir='ltr'><strong>ς</strong></span> <span class='ocrx_word' id='word_1_301' title='bbox 476 3381 595 3430; x_wconf 89' lang='grc'><strong>171.</strong></span> <span class='ocrx_word' id='word_1_302' title='bbox 653 3378 722 3443; x_wconf 77' lang='lat' dir='ltr'>cf.</span> <span class='ocrx_word' id='word_1_303' title='bbox 765 3377 884 3446; x_wconf 79' lang='lat' dir='ltr'>Ulp.</span> <span class='ocrx_word' id='word_1_304' title='bbox 916 3382 1001 3442; x_wconf 89' lang='lat'>22,</span> <span class='ocrx_word' id='word_1_305' title='bbox 1033 3380 1117 3428; x_wconf 81' lang='lat'>31.</span> <span class='ocrx_word' id='word_1_306' title='bbox 1180 3392 1355 3444; x_wconf 74' lang='lat' dir='ltr'>supra</span> <span class='ocrx_word' id='word_1_307' title='bbox 1395 3380 1441 3430; x_wconf 95' lang='lat'>2.</span> <span class='ocrx_word' id='word_1_308' title='bbox 1475 3378 1604 3437; x_wconf 76' lang='lat'>1643</span> <span class='ocrx_word' id='word_1_309' title='bbox 1637 3378 1756 3427; x_wconf 82' lang='lat'><strong>165.</strong></span> <span class='ocrx_word' id='word_1_310' title='bbox 1818 3375 1925 3429; x_wconf 73' lang='lat' dir='ltr'>oie.</span> <span class='ocrx_word' id='word_1_311' title='bbox 1957 3374 2033 3428; x_wconf 80' lang='lat' dir='ltr'>ad</span> <span class='ocrx_word' id='word_1_312' title='bbox 2069 3375 2183 3428; x_wconf 67' lang='lat' dir='ltr'>Attz</span> <span class='ocrx_word' id='word_1_313' title='bbox 2217 3380 2300 3439; x_wconf 89' lang='grc'>11,</span> 
     </span>
     <span class='ocr_line' id='line_1_38' title="bbox 262 3446 2202 3517; baseline -0.003 -14"><span class='ocrx_word' id='word_1_314' title='bbox 262 3455 348 3517; x_wconf 91' lang='grc'><strong>12,</strong></span> <span class='ocrx_word' id='word_1_315' title='bbox 379 3454 428 3501; x_wconf 87' lang='grc'>4.</span> <span class='ocrx_word' id='word_1_316' title='bbox 486 3447 551 3501; x_wconf 85' lang='lat' dir='ltr'>de</span> <span class='ocrx_word' id='word_1_317' title='bbox 588 3454 726 3502; x_wconf 82' lang='lat' dir='ltr'>orat.</span> <span class='ocrx_word' id='word_1_318' title='bbox 769 3453 816 3508; x_wconf 91' lang='lat'>1,</span> <span class='ocrx_word' id='word_1_319' title='bbox 848 3454 934 3514; x_wconf 91' lang='grc'>22,</span> <span class='ocrx_word' id='word_1_320' title='bbox 965 3453 1084 3501; x_wconf 89' lang='grc'><strong>101.</strong></span> <span class='ocrx_word' id='word_1_321' title='bbox 1150 3447 1375 3501; x_wconf 78' lang='lat' dir='ltr'>Testam.</span> <span class='ocrx_word' id='word_1_322' title='bbox 1415 3447 1684 3500; x_wconf 72' lang='lat' dir='ltr'>Dasumii</span> <span class='ocrx_word' id='word_1_323' title='bbox 1720 3446 1936 3514; x_wconf 81' lang='lat' dir='ltr'>(Brwns</span> <span class='ocrx_word' id='word_1_324' title='bbox 1962 3446 2031 3514; x_wconf 79' lang='lat'>1⁶,</span> <span class='ocrx_word' id='word_1_325' title='bbox 2061 3448 2202 3514; x_wconf 81' lang='grc'><strong>270).</strong></span> 
     </span>
    </p>

    <p class='ocr_par' dir='ltr' id='par_1_11' title="bbox 405 3518 1596 3589">
     <span class='ocr_line' id='line_1_39' title="bbox 405 3518 1596 3589; baseline -0.003 -16"><span class='ocrx_word' id='word_1_326' title='bbox 405 3525 436 3585; x_wconf 62' lang='grc' dir='ltr'>ξ</span> <span class='ocrx_word' id='word_1_327' title='bbox 478 3525 596 3573; x_wconf 86' lang='grc'><strong>172.</strong></span> <span class='ocrx_word' id='word_1_328' title='bbox 656 3522 726 3587; x_wconf 76' lang='lat' dir='ltr'>cf.</span> <span class='ocrx_word' id='word_1_329' title='bbox 777 3518 899 3589; x_wconf 76' lang='lat' dir='ltr'>mp.</span> <span class='ocrx_word' id='word_1_330' title='bbox 940 3525 1026 3587; x_wconf 92' lang='grc'>22,</span> <span class='ocrx_word' id='word_1_331' title='bbox 1056 3524 1140 3571; x_wconf 90' lang='grc'>32.</span> <span class='ocrx_word' id='word_1_332' title='bbox 1198 3520 1357 3585; x_wconf 76' lang='lat' dir='ltr'>infra</span> <span class='ocrx_word' id='word_1_333' title='bbox 1394 3524 1444 3585; x_wconf 93' lang='grc'>2,</span> <span class='ocrx_word' id='word_1_334' title='bbox 1476 3521 1596 3571; x_wconf 81' lang='lat'><strong>190.</strong></span> 
     </span>
    </p>
   </div>
  </div>
 </body>
</html>
