2650 3917
667 127 1031 183 .HvsoHK11
1069 126 1482 182 PRAErAno
1521 128 1622 181 AD
1660 129 1775 184 En.
1812 130 1853 184 1.
2153 92 2159 96 ἢ
2213 135 2293 190 1x

242 296 644 380 prudentiam
670 299 864 380 magis
894 319 1075 377 quam
1102 299 1179 358 ad
1205 300 1661 358 iurisconsultos
1688 301 1876 360 totius
1911 305 2107 377 operis
2135 304 2290 384 ratio

257 412 352 452 me
390 391 760 466 conferebat,
801 394 862 450 et
896 394 967 450 ut
1001 388 1441 464 iurisconsulti,
1479 390 1585 464 qui
1608 392 1850 465 proprie
1888 392 2289 470 appellantur,

245 483 440 542 etiam
477 482 603 540 alia
631 481 840 556 multa,
869 497 1023 556 quae
1052 479 1130 537 ad
1154 480 1250 536 ius
1277 497 1399 537 non
1430 480 1751 554 pertinent,
1788 480 2043 560 scribere
2081 484 2291 557 solent,

251 572 343 632 ita
379 571 502 646 alii,
542 589 698 647 quae
745 567 1251 646 iurisprudentiae
1288 570 1444 626 sunt.
1534 568 1800 643 Accedit,
1840 569 2002 644 quod
2036 573 2291 631 maxime

254 664 395 720 ante
434 660 758 719 Caesarum
802 661 1102 734 tempora,
1146 656 1413 716 nondum
1460 658 1736 731 accurate
1782 657 2056 719 discretis
2100 662 2292 720 homi-

254 770 399 809 num
435 749 669 825 studiis,
707 768 827 808 non
863 751 993 806 tam
1028 747 1206 806 facile
1241 748 1307 804 in
1343 763 1702 848 unoquoque
1739 746 1977 823 dixeris,
2012 768 2089 807 an
2115 753 2290 810 iuris-

253 839 516 916 prudens
573 837 898 898 censendus
953 836 1034 896 sit
1087 854 1287 895 1100110.
1382 834 1498 893 Sed
1540 838 1602 895 et
1646 838 1701 895 si
1752 840 1946 914 magis
1992 838 2072 896 ad
2115 859 2287 916 argu-

253 931 457 988 11101113
492 928 788 988 librorum
835 929 1146 1003 respicias,
1191 944 1350 984 nova
1397 925 1721 985 difficultas
1769 927 2047 986 exoritur.
2141 926 2289 987 Cum

254 997 412 1076 enim
449 1020 580 1076 toto
618 1019 817 1093 priore
855 1029 1021 1087 aevo,
1058 1034 1132 1073 ne
1169 1016 1382 1090 primis
1422 1014 1665 1090 quidem
1704 1014 2025 1075 Caesarum
2061 1017 2286 1093 tempo-

254 1107 420 1165 ribus
459 1108 739 1181 exceptiS,
775 1103 1186 1165 iurisconsulti
1220 1106 1578 1180 praeprimis
1617 1106 1798 1164 etiam
1834 1105 1897 1162 in
1926 1108 2055 1164 iure
2091 1108 2287 1182 ponti·

251 1196 415 1269 ficio,
455 1195 736 1272 augurali
773 1198 833 1253 et
869 1194 1111 1270 publico
1149 1196 1557 1268 versarentur,
1598 1196 1800 1253 tamen
1837 1194 1960 1253 iam
1970 1196 2074 1253 3(1
2111 1196 2286 1255 finem

250 1288 534 1363 vergente
572 1282 764 1343 libera
809 1303 931 1359 rep.
969 1283 1196 1342 multae
1232 1284 1384 1341 iuris
1426 1285 1583 1342 sacri
1619 1286 1681 1341 et
1725 1283 1953 1359 publici
1988 1287 2189 1360 partes
2228 1289 2288 1345 et

251 1376 641 1449 antiquarum
686 1375 889 1450 legum
936 1374 1324 1431 monumenta
1373 1375 1557 1430 etiam
1595 1373 1669 1431 ab
1708 1374 1844 1431 aliis
1857 1418 1871 1447 ,
1920 1375 2024 1448 qui
2061 1375 2190 1433 foro
2229 1378 2289 1433 et

248 1463 666 1539 respondendo
707 1481 949 1538 operam
985 1482 1103 1522 non
1142 1460 1387 1536 dabant,
1423 1464 1676 1521 tractari
1711 1466 1923 1538 coepta
1961 1466 2115 1537 sunt,
2152 1464 2287 1540 par-

249 1555 363 1611 tim
402 1552 647 1629 quidem
683 1554 873 1628 ipsius
911 1570 1052 1610 usus
1091 1553 1308 1629 gratia,
1337 1551 1561 1625 partim
1589 1569 1730 1610 vero
1768 1554 1951 1610 etiam
1988 1557 2059 1612 ut
2093 1555 2286 1630 magis

250 1644 653 1717 antiquitates
683 1640 1113 1716 historiamque
1141 1640 1355 1715 populi
1380 1640 1550 1698 Rom.
1593 1641 1690 1700 vel
1718 1644 1977 1716 priscam
2004 1643 2289 1717 loquendi

250 1731 740 1790 consuetudinem
775 1730 1177 1806 illustrarent,
1225 1749 1406 1805 quam
1444 1732 1514 1787 ut
1556 1730 2061 1805 iurisprudentiae
2102 1734 2287 1791 inser-

236 1822 477 1894 virent,
529 1820 715 1879 donec
766 1821 1198 1895 imperatorum
1248 1822 1447 1878 aetate
1494 1823 1555 1877 et
1606 1822 1862 1878 maxime
1906 1823 2045 1895 post
2090 1822 2287 1898 gentis

247 1908 443 1968 Iuliae
479 1911 794 1968 interitum
821 1909 933 1968 hoc
961 1909 1300 1967 litterarum
1327 1927 1514 1986 genus
1544 1928 1579 1966 a
1608 1911 2017 1984 grammaticis
2045 1913 2106 1968 et
2133 1913 2286 1969 anti-

249 2000 506 2074 quitatis
558 1998 992 2057 scrutatoribus
1042 1999 1282 2074 proprie
1335 2000 1592 2057 exerceri
1634 2001 1694 2057 et
1731 2018 1769 2056 a
1817 2000 2288 2075 iurisprudentia

246 2089 433 2164 plane
471 2088 738 2164 disiungi
775 2090 1052 2162 coeptum
1090 2090 1196 2146 est.
1291 2086 1391 2145 Sic
1426 2086 1522 2161 fit,
1558 2091 1632 2146 ut
1667 2087 1828 2145 haud
1865 2090 2076 2162 paucis
2111 2091 2177 2147 in
2214 2089 2287 2146 li-

248 2178 372 2236 bris
411 2178 675 2237 incertus
704 2176 969 2251 haereas,
997 2179 1203 2234 utrum
1239 2176 1761 2250 iurisprudentiae‚
1792 2196 1868 2234 an
1898 2177 2033 2236 aliis
2064 2179 2287 2236 artium

248 2266 711 2341 litterarumque
750 2265 1065 2342 generibus
1103 2284 1202 2325 003
1240 2265 1557 2325 attribuas.
1621 2266 1692 2323 In
1730 2269 1903 2347 tanta
1939 2267 2128 2344 igitur
2165 2286 2304 2325 cer-¹

245 2359 449 2414 torum
487 2354 696 2413 finium
735 2355 1097 2415 obscuritate
1124 2356 1279 2413 hanc
1307 2355 1431 2413 fere
1468 2357 1763 2414 rationem
1801 2357 1986 2429 tenui,
2016 2359 2084 2414 ut
2110 2358 2285 2415 iuris-

248 2445 665 2504 consultorum
704 2444 961 2518 quidem,
990 2447 1096 2519 qui
1120 2445 1364 2520 proprie
1402 2443 1696 2518 dicuntur,
1727 2447 1945 2519 omnia,
1975 2465 2128 2520 quae
2166 2448 2285 2503 11011

245 2535 429 2612 plane
470 2534 667 2593 aliena
705 2537 900 2592 essent
938 2552 974 2591 a
1014 2533 1513 2609 iurisprudentia,
1556 2534 1907 2610 reciperem3
1955 2539 2286 2593 ceterorum

245 2643 418 2696 vern,
472 2624 525 2682 si
561 2623 736 2683 modo
775 2626 913 2681 ante
950 2622 1146 2696 illam,
1195 2642 1377 2698 quam
1414 2622 1565 2698 dixi,
1612 2625 1874 2682 aetatem
1909 2625 2287 2700 scripserant,

247 2732 338 2786 ea,
367 2730 523 2788 quae
554 2731 623 2771 ex
659 2712 950 2771 librorum
987 2714 1357 2789 argumentis
1391 2712 1893 2787 iurisprudentiae
1934 2713 2287 2772 vindicanda

247 2821 375 2861 esse
414 2800 793 2875 videbantur,
820 2803 909 2859 ita
937 2804 1142 2859 tamen
1174 2804 1258 2875 ut,
1288 2801 1340 2861 si
1369 2803 1687 2877 scriptores
1716 2804 1910 2879 magis
1939 2802 2060 2859 alia
2090 2805 2287 2861 castra

246 2895 484 2950 secutos
514 2908 638 2951 esse
677 2894 994 2966 constaret,
1024 2890 1096 2949 de
1125 2891 1253 2964 hoc,
1284 2893 1567 2950 asterisco
1595 2890 1825 2949 nomini
1860 2905 2067 2950 eorum
2104 2910 2285 2966 appo-

243 2983 395 3055 sito,
434 2981 659 3040 tirones
712 2979 1104 3038 admonerem.
1196 2980 1323 3038 Nec
1370 2983 1573 3039 tamen
1609 2983 1698 3038 ita
1734 2981 1886 3038 mihi
1931 2980 2168 3056 place0‚
2216 2982 2287 3039 ut

245 3070 345 3128 vel
381 3069 541 3128 113110
575 3071 766 3144 ipsam
808 3088 1080 3128 normam
1117 3069 1392 3129 omnibus
1428 3070 1642 3128 harum
1677 3088 1877 3127 rerum
1912 3070 2123 3145 peritis
2151 3087 2285 3146 pro-

241 3159 461 3218 batum
497 3158 578 3217 iri
611 3159 708 3217 vel
743 3160 808 3216 in
857 3158 1195 3216 adhibenda
1233 3178 1304 3216 ea
1341 3158 1419 3217 ad
1464 3159 1733 3235 singulos
1779 3161 2096 3234 scriptores
2134 3167 2287 3217 nunss

242 3267 429 3324 quam
481 3265 758 3323 peccasse
811 3246 1121 3306 confidam.
1215 3246 1383 3316 Quod
1431 3248 1508 3305 ad
1559 3250 1820 3306 extrema
1863 3248 2103 3324 imperii
2138 3251 2283 3307 tem-

241 3356 395 3415 pora
434 3339 676 3411 attinet,
711 3339 847 3411 ipsa
882 3338 1041 3395 ratio
1078 3336 1355 3411 faciebat,
1383 3340 1453 3395 111
1487 3340 1726 3413 praeter
1756 3336 2285 3412 Consultationem,

240 3426 808 3486 iurisconsultorum
846 3424 1306 3484 occidentalium
1345 3427 1561 3501 fetum,
1609 3420 1794 3485 etiam
1830 3445 1982 3501 quae
2022 3446 2093 3484 ex
2129 3445 2284 3486 com-

240 3518 560 3576 mentariis
617 3513 982 3575 Graecorum
1036 3515 1185 3573 iuris
1240 3517 1636 3591 interpretum
1689 3515 2025 3575 Iustiniano
2081 3517 2285 3592 paullo
