2650 3917
1153 936 1216 1008 G
1236 937 1302 1009 A
1320 936 1357 1009 I

375 1056 1015 1125 INSTITVTIONVM
1062 1056 1619 1126 ΟΟΜΜΕΝΤΑΒΠ
1667 1058 2120 1135 QVATTVOR.

566 1341 1030 1409 EDITORVM
1094 1342 1331 1409 PRAE
1344 1343 1512 1410 FAT
1525 1343 1939 1410 IVNOVLA.

357 1492 549 1552 Gaius
604 1495 817 1551 natus
869 1493 920 1551 si
975 1512 1096 1552 non
1142 1493 1431 1568 Traiano,
1491 1497 1650 1553 certe
1696 1494 2005 1553 Hadriano
2053 1486 2156 1574 (cf.
2195 1494 2266 1552 D.

220 1586 329 1658 34,
361 1584 422 1657 5,
457 1586 493 1641 7
517 1573 636 1662 pr.)
683 1583 1016 1658 imperante
1073 1584 1315 1659 scripsit
1362 1582 1474 1642 sub
1521 1583 1828 1642 Antonino
1875 1583 2009 1660 Pio,
2065 1583 2268 1642 Marco

219 1673 494 1746 Aurelio,
530 1672 784 1731 fortasse
821 1669 1162 1731 Commodo.
1237 1672 1508 1732 obiisse
1547 1692 1685 1730 eum
1719 1691 1841 1732 non
1879 1675 2017 1732 ante
2055 1691 2107 1731 a.
2141 1673 2266 1731 178

217 1763 362 1823 inde
438 1763 721 1837 apparet,
796 1760 955 1837 quod
1019 1762 1097 1820 ad
1162 1760 1270 1821 Sc.
1323 1761 1681 1821 Orfitianum
1747 1780 1800 1819 a.
1852 1762 1978 1821 178
2048 1761 2269 1820 librum

221 1852 601 1930 singularem
648 1851 906 1909 confecit
952 1842 1052 1932 (D.
1096 1851 1198 1925 38,
1232 1854 1332 1926 17,
1365 1843 1453 1932 9).

361 1940 804 1999 Praenomen
861 1938 976 1999 Gai
1023 1940 1216 1999 solum
1271 1941 1499 2017 scripta
1554 1940 1679 2000 eius
1734 1959 1878 2017 prae
1935 1959 1996 1999 se
2051 1941 2269 2014 ferunt,

224 2030 469 2089 nomine
528 2031 708 2105 atque
772 2029 1124 2107 cognomine
1189 2031 1451 2104 omissis,
1506 2049 1615 2089 nec
1672 2029 1915 2088 aliunde
1979 2029 2124 2089 haec
2178 2031 2267 2088 in-

222 2121 571 2192 notuerunt,
620 2138 738 2195 quo
775 2120 1004 2179 factum
1042 2121 1149 2193 est,
1195 2122 1267 2178 ut
1306 2120 1570 2196 quidam,
1615 2119 1718 2179 vix
1759 2121 1937 2193 recte,
1983 2122 2270 2197 negarent

222 2207 379 2268 Gaio
427 2210 538 2268 aut
581 2227 799 2267 nomen
845 2211 952 2267 aut
998 2227 1325 2285 cognomen
1372 2209 1570 2269 fuisse.

361 2297 563 2356 Unde
601 2299 872 2374 gentium
900 2298 981 2357 sit
1017 2298 1321 2372 oriundus,
1349 2301 1663 2358 nescimus,
1755 2297 2015 2356 Romae
2054 2296 2269 2356 Gaium

221 2391 322 2447 ius
378 2387 688 2460 didicisse,
743 2404 881 2445 cum
933 2405 1124 2463 paene
1178 2390 1343 2446 totus
1406 2387 1865 2446 Sabinianorum
1923 2389 2120 2446 sectae
2167 2388 2268 2446 ad·

224 2477 425 2536 dictus
480 2477 565 2535 sit
620 2468 724 2556 (cf.
762 2476 906 2535 Inst.
960 2479 1015 2549 1,
1049 2478 1193 2536 196.
1245 2479 1302 2548 2,
1335 2478 1446 2549 37,
1497 2479 1650 2554 123,
1704 2478 1857 2551 195,
1908 2478 2062 2549 200,
2113 2480 2270 2549 217,

226 2568 389 2641 219,
430 2567 589 2640 220,
630 2566 775 2625 231.
827 2567 884 2639 3,
916 2566 1026 2640 87,
1067 2566 1178 2640 98,
1221 2567 1375 2640 103,
1425 2568 1578 2638 141,
1630 2567 1831 2641 1673,
1875 2566 2019 2625 168.
2070 2567 2127 2641 4,
2161 2566 2270 2639 78,

230 2657 344 2731 79,
378 2647 538 2736 114)
584 2653 895 2731 probabile
933 2658 1050 2729 est3
1096 2654 1322 2714 Romae
1361 2674 1497 2714 eum
1543 2655 1810 2715 docuisse
1848 2657 1910 2714 et
1948 2655 2270 2730 scripsisse,

228 2745 512 2822 quamvis
559 2743 734 2802 valde
782 2744 1163 2821 disceptetur,
1210 2745 1458 2822 veritati
1504 2745 1749 2821 propius
1798 2736 2079 2804 accedet(

364 2835 680 2909 Nusquam
734 2853 772 2892 a
825 2834 1088 2894 melioris
1135 2836 1354 2894 aetatis
1399 2835 1549 2894 iuris
1591 2835 1880 2894 consultis
1928 2832 2041 2892 Gai
2089 2851 2270 2909 opera

225 2924 637 2983 laudantur
678 2942 872 2998 neque
920 2923 996 2982 ab
1044 2923 1396 3000 aequalibus
1441 2942 1635 3000 neque
1679 2924 1754 2982 ab
1799 2923 2269 2998 insequentibuS,

223 3015 299 3072 ut
346 3012 613 3089 Ulpiano
662 3015 721 3071 et
765 3011 971 3080 Paulo.
1064 3014 1224 3090 quod
1271 3031 1413 3072 sane
1458 3015 1523 3072 in
1560 3014 1632 3082 D,
1672 3014 1777 3088 45,
1810 3014 1868 3086 3,
1899 3014 1981 3071 39
2033 3004 2269 3093 (Pomp.

225 3102 330 3162 lib.
372 3105 455 3161 22
497 3102 578 3161 ad
614 3099 679 3170 Q.
718 3101 891 3176 Muc.,
929 3104 1057 3162 285
1096 3095 1269 3181 Len.)
1316 3101 1544 3180 legitur
1587 3098 1713 3162 ‘sed
1760 3121 1882 3179 qua
1925 3103 2161 3160 actione
2207 3101 2271 3160 id

225 3192 564 3269 reciperare
616 3209 932 3266 possumus
953 3183 1027 3273 (1)
1042 3235 1060 3267 ,
1126 3211 1505 3269 quaeremus,
1561 3196 1622 3251 et
1676 3211 1796 3252 non
1851 3192 1979 3251 sine
2038 3193 2270 3249 ratione

223 3284 348 3356 est,
396 3280 561 3357 quod
607 3278 796 3339 Gaius
850 3275 1136 3363 noster(l)
1186 3282 1363 3356 dixit,
1419 3281 1652 3340 condici
1696 3282 1759 3339 id
1804 3272 1960 3362 in(!)
2014 3283 2270 3356 utroque

221 3389 372 3430 casu
427 3387 604 3448 posse
661 3365 944 3446 domino',
990 3389 1028 3429 a
1082 3370 1446 3430 Triboniano
1501 3370 1933 3447 interpolatum
1981 3388 2105 3429 esse
2151 3366 2271 3429 non

223 3461 356 3520 sine
402 3461 639 3519 ratione
688 3459 982 3535 suspicari
1026 3460 1185 3520 licet.
1279 3460 1453 3519 huius
1493 3459 1564 3519 de
1605 3458 1755 3518 Gaio
1802 3459 2056 3519 saeculis
2101 3459 2165 3518 ΙΙ
2212 3463 2274 3527 et

218 3550 322 3610 III
383 3551 499 3609 alti
558 3548 787 3607 silent-ii
846 3567 1062 3609 causae
1122 3552 1375 3626 possunt
1435 3549 1640 3608 afferri
1695 3549 1850 3608 aliae
1914 3554 2096 3624 atque
2158 3546 2273 3608 Gai
