<?xml version="1.0" encoding="UTF-8"?>
<!DOCTYPE html PUBLIC "-//W3C//DTD XHTML 1.0 Transitional//EN"
    "http://www.w3.org/TR/xhtml1/DTD/xhtml1-transitional.dtd">
<html xmlns="http://www.w3.org/1999/xhtml" xml:lang="en" lang="en">
 <head>
  <title>
</title>
<meta http-equiv="Content-Type" content="text/html;charset=utf-8" />
  <meta name='ocr-system' content='tesseract 3.04.00' />
  <meta name='ocr-capabilities' content='ocr_page ocr_carea ocr_par ocr_line ocrx_word'/>
</head>
<body>
  <div class='ocr_page' id='page_1' title='image "./ivrisprvdentiae00kbgoog/ivrisprvdentiae00kbgoog_0237.png"; bbox 0 0 2650 3917; ppageno 0'>
   <div class='ocr_carea' id='block_1_1' title="bbox 868 136 2272 201">
    <p class='ocr_par' dir='ltr' id='par_1_1' title="bbox 868 136 2272 201">
     <span class='ocr_line' id='line_1_1' title="bbox 868 136 2272 201; baseline 0.007 -10"><span class='ocrx_word' id='word_1_1' title='bbox 868 136 992 191; x_wconf 81' lang='lat' dir='ltr'>GAI</span> <span class='ocrx_word' id='word_1_2' title='bbox 1026 136 1283 191; x_wconf 77' lang='lat' dir='ltr'><strong>INSTIT.</strong></span> <span class='ocrx_word' id='word_1_3' title='bbox 1320 137 1374 191; x_wconf 87' lang='grc' dir='ltr'>Π</span> <span class='ocrx_word' id='word_1_4' title='bbox 1409 142 1637 191; x_wconf 84' lang='lat'><strong>34—38.</strong></span> <span class='ocrx_word' id='word_1_5' title='bbox 2142 137 2272 201; x_wconf 87' lang='grc'>201</span> 
     </span>
    </p>
   </div>
   <div class='ocr_carea' id='block_1_2' title="bbox 233 299 2390 2619">
    <p class='ocr_par' dir='ltr' id='par_1_2' title="bbox 233 299 2390 2243">
     <span class='ocr_line' id='line_1_2' title="bbox 370 299 2276 385; baseline 0.001 -20"><span class='ocrx_word' id='word_1_6' title='bbox 370 301 466 366; x_wconf 92' lang='grc'>34.</span> <span class='ocrx_word' id='word_1_7' title='bbox 509 299 855 365; x_wconf 72' lang='lat' dir='ltr'>Hereditas</span> <span class='ocrx_word' id='word_1_8' title='bbox 930 322 1187 385; x_wconf 91' lang='lat' dir='ltr'>quoque</span> <span class='ocrx_word' id='word_1_9' title='bbox 1250 300 1320 364; x_wconf 91' lang='lat' dir='ltr'>in</span> <span class='ocrx_word' id='word_1_10' title='bbox 1384 301 1522 365; x_wconf 89' lang='lat' dir='ltr'>iure</span> <span class='ocrx_word' id='word_1_11' title='bbox 1593 301 1944 371; x_wconf 80' lang='lat' dir='ltr'>cessionem</span> <span class='ocrx_word' id='word_1_12' title='bbox 2021 305 2276 366; x_wconf 77' lang='lat' dir='ltr'>tantum</span> 
     </span>
     <span class='ocr_line' id='line_1_3' title="bbox 238 389 2275 476; baseline 0 -21"><span class='ocrx_word' id='word_1_13' title='bbox 238 391 484 475; x_wconf 92' lang='lat' dir='ltr'>recipit.</span> <span class='ocrx_word' id='word_1_14' title='bbox 577 390 669 456; x_wconf 90' lang='grc'>35.</span> <span class='ocrx_word' id='word_1_15' title='bbox 715 389 904 455; x_wconf 82' lang='grc' dir='ltr'>Ν6111-</span> <span class='ocrx_word' id='word_1_16' title='bbox 927 391 983 454; x_wconf 90' lang='lat' dir='ltr'>si</span> <span class='ocrx_word' id='word_1_17' title='bbox 1019 390 1096 473; x_wconf 84' lang='lat' dir='ltr'>is,</span> <span class='ocrx_word' id='word_1_18' title='bbox 1143 390 1222 454; x_wconf 88' lang='lat' dir='ltr'>ad</span> <span class='ocrx_word' id='word_1_19' title='bbox 1266 412 1457 473; x_wconf 92' lang='lat' dir='ltr'>quem</span> <span class='ocrx_word' id='word_1_20' title='bbox 1497 390 1578 454; x_wconf 89' lang='lat' dir='ltr'>ab</span> <span class='ocrx_word' id='word_1_21' title='bbox 1625 392 1933 456; x_wconf 85' lang='lat' dir='ltr'>intestato</span> <span class='ocrx_word' id='word_1_22' title='bbox 1979 390 2275 476; x_wconf 86' lang='lat' dir='ltr'>legitimo</span> 
     </span>
     <span class='ocr_line' id='line_1_4' title="bbox 235 479 2276 565; baseline 0 -21"><span class='ocrx_word' id='word_1_23' title='bbox 235 481 373 545; x_wconf 92' lang='lat' dir='ltr'>iure</span> <span class='ocrx_word' id='word_1_24' title='bbox 418 482 702 564; x_wconf 77' lang='lat' dir='ltr'>pertinet</span> <span class='ocrx_word' id='word_1_25' title='bbox 737 479 1081 565; x_wconf 75' lang='lat' dir='ltr'>hereditas,</span> <span class='ocrx_word' id='word_1_26' title='bbox 1127 480 1198 545; x_wconf 90' lang='lat' dir='ltr'>in</span> <span class='ocrx_word' id='word_1_27' title='bbox 1233 479 1373 543; x_wconf 90' lang='lat' dir='ltr'>iure</span> <span class='ocrx_word' id='word_1_28' title='bbox 1412 501 1552 545; x_wconf 89' lang='lat' dir='ltr'>eam</span> <span class='ocrx_word' id='word_1_29' title='bbox 1589 480 1701 545; x_wconf 89' lang='lat' dir='ltr'>alii</span> <span class='ocrx_word' id='word_1_30' title='bbox 1738 484 1887 545; x_wconf 88' lang='lat' dir='ltr'>ante</span> <span class='ocrx_word' id='word_1_31' title='bbox 1925 480 2276 545; x_wconf 82' lang='lat' dir='ltr'>aditionem</span> 
     </span>
     <span class='ocr_line' id='line_1_5' title="bbox 237 568 2277 654; baseline -0.001 -19"><span class='ocrx_word' id='word_1_32' title='bbox 237 570 438 654; x_wconf 88' lang='lat' dir='ltr'>cedat,</span> <span class='ocrx_word' id='word_1_33' title='bbox 475 569 542 634; x_wconf 93' lang='lat' dir='ltr'>id</span> <span class='ocrx_word' id='word_1_34' title='bbox 580 573 694 633; x_wconf 88' lang='lat' dir='ltr'>est</span> <span class='ocrx_word' id='word_1_35' title='bbox 715 573 1059 653; x_wconf 86' lang='lat' dir='ltr'>antequam</span> <span class='ocrx_word' id='word_1_36' title='bbox 1095 568 1282 633; x_wconf 88' lang='lat' dir='ltr'>heres</span> <span class='ocrx_word' id='word_1_37' title='bbox 1320 569 1626 653; x_wconf 86' lang='lat' dir='ltr'>extiterit,</span> <span class='ocrx_word' id='word_1_38' title='bbox 1670 569 1941 653; x_wconf 88' lang='lat' dir='ltr'>proinde</span> <span class='ocrx_word' id='word_1_39' title='bbox 1978 570 2056 632; x_wconf 90' lang='lat' dir='ltr'>fit</span> <span class='ocrx_word' id='word_1_40' title='bbox 2090 568 2277 635; x_wconf 91' lang='lat' dir='ltr'>heres</span> 
     </span>
     <span class='ocr_line' id='line_1_6' title="bbox 238 658 2280 834; baseline -0 -21"><span class='ocrx_word' id='word_1_41' title='bbox 238 658 2280 834; x_wconf 50' lang='lat' dir='ltr'>{Ezasssslnissdssi&#39;ffusoeffiffl’{⁴385¹01¹011&#39;183233223g‘33r3dfflh323</span> 
     </span>
     <span class='ocr_line' id='line_1_7' title="bbox 233 837 2390 923; baseline -0.001 -21"><span class='ocrx_word' id='word_1_42' title='bbox 233 838 421 923; x_wconf 90' lang='lat' dir='ltr'>serit,</span> <span class='ocrx_word' id='word_1_43' title='bbox 482 837 690 902; x_wconf 90' lang='lat' dir='ltr'>nihilo</span> <span class='ocrx_word' id='word_1_44' title='bbox 756 837 971 901; x_wconf 90' lang='lat' dir='ltr'>minus</span> <span class='ocrx_word' id='word_1_45' title='bbox 1035 837 1172 922; x_wconf 90' lang='lat' dir='ltr'>ipse</span> <span class='ocrx_word' id='word_1_46' title='bbox 1216 837 1223 921; x_wconf 93' lang='grc' dir='ltr'>Ι</span> <span class='ocrx_word' id='word_1_47' title='bbox 1290 837 1478 901; x_wconf 88' lang='lat' dir='ltr'>heres</span> <span class='ocrx_word' id='word_1_48' title='bbox 1542 841 1875 922; x_wconf 91' lang='lat' dir='ltr'>permanet</span> <span class='ocrx_word' id='word_1_49' title='bbox 1948 841 2013 901; x_wconf 90' lang='lat' dir='ltr'>et</span> <span class='ocrx_word' id='word_1_50' title='bbox 2072 837 2155 902; x_wconf 91' lang='lat' dir='ltr'>ob</span> <span class='ocrx_word' id='word_1_51' title='bbox 2211 837 2280 901; x_wconf 89' lang='lat' dir='ltr'>id</span> <span class='ocrx_word' id='word_1_52' title='bbox 2315 850 2390 900; x_wconf 80' lang='grc'>63</span> 
     </span>
     <span class='ocr_line' id='line_1_8' title="bbox 236 925 2336 1012; baseline -0 -20"><span class='ocrx_word' id='word_1_53' title='bbox 236 926 700 992; x_wconf 85' lang='lat' dir='ltr'>creditoribus¹</span> <span class='ocrx_word' id='word_1_54' title='bbox 774 926 1123 1011; x_wconf 86' lang='lat' dir='ltr'>tenebitur</span> <span class='ocrx_word' id='word_1_55' title='bbox 1191 925 1411 990; x_wconf 88' lang='lat' dir='ltr'>debita</span> <span class='ocrx_word' id='word_1_56' title='bbox 1475 948 1630 991; x_wconf 90' lang='lat' dir='ltr'>uero</span> <span class='ocrx_word' id='word_1_57' title='bbox 1698 932 1999 1012; x_wconf 90' lang='lat' dir='ltr'>pereunt,</span> <span class='ocrx_word' id='word_1_58' title='bbox 2073 948 2336 1010; x_wconf 89' lang='lat' dir='ltr'>eoque</span> 
     </span>
     <span class='ocr_line' id='line_1_9' title="bbox 236 980 2278 1101; baseline -0 -20"><span class='ocrx_word' id='word_1_59' title='bbox 236 1016 430 1081; x_wconf 95' lang='lat' dir='ltr'>modo</span> <span class='ocrx_word' id='word_1_60' title='bbox 498 1015 820 1080; x_wconf 89' lang='lat' dir='ltr'>debitores</span> <span class='ocrx_word' id='word_1_61' title='bbox 891 980 1262 1081; x_wconf 56' lang='lat' dir='ltr'>heredi&#39;tarii</span> <span class='ocrx_word' id='word_1_62' title='bbox 1333 1017 1584 1080; x_wconf 89' lang='lat' dir='ltr'>lucrum</span> <span class='ocrx_word' id='word_1_63' title='bbox 1656 1016 1932 1101; x_wconf 72' lang='lat' dir='ltr'>faciunt,</span> <span class='ocrx_word' id='word_1_64' title='bbox 2006 1036 2278 1099; x_wconf 88' lang='lat' dir='ltr'>corpora</span> 
     </span>
     <span class='ocr_line' id='line_1_10' title="bbox 236 1104 2279 1190; baseline -0.001 -19"><span class='ocrx_word' id='word_1_65' title='bbox 236 1128 393 1171; x_wconf 90' lang='lat' dir='ltr'>uero</span> <span class='ocrx_word' id='word_1_66' title='bbox 441 1106 580 1170; x_wconf 89' lang='lat' dir='ltr'>eius</span> <span class='ocrx_word' id='word_1_67' title='bbox 641 1104 1019 1170; x_wconf 88' lang='lat' dir='ltr'>hereditatis</span> <span class='ocrx_word' id='word_1_68' title='bbox 1081 1106 1354 1190; x_wconf 87' lang='lat' dir='ltr'>proinde</span> <span class='ocrx_word' id='word_1_69' title='bbox 1420 1108 1755 1170; x_wconf 86' lang='lat' dir='ltr'>transeunt</span> <span class='ocrx_word' id='word_1_70' title='bbox 1810 1105 1889 1168; x_wconf 91' lang='lat' dir='ltr'>ad</span> <span class='ocrx_word' id='word_1_71' title='bbox 1946 1127 2117 1190; x_wconf 91' lang='lat' dir='ltr'>eum,</span> <span class='ocrx_word' id='word_1_72' title='bbox 2174 1106 2279 1169; x_wconf 93' lang='lat' dir='ltr'>cui</span> 
     </span>
     <span class='ocr_line' id='line_1_11' title="bbox 238 1194 2277 1279; baseline 0 -20"><span class='ocrx_word' id='word_1_73' title='bbox 238 1218 419 1260; x_wconf 88' lang='lat' dir='ltr'>cessa</span> <span class='ocrx_word' id='word_1_74' title='bbox 464 1199 562 1259; x_wconf 89' lang='lat' dir='ltr'>est</span> <span class='ocrx_word' id='word_1_75' title='bbox 608 1194 946 1274; x_wconf 88' lang='lat' dir='ltr'>hereditas,</span> <span class='ocrx_word' id='word_1_76' title='bbox 994 1217 1069 1260; x_wconf 91' lang='grc'>66</span> <span class='ocrx_word' id='word_1_77' title='bbox 1107 1196 1161 1258; x_wconf 91' lang='lat' dir='ltr'>si</span> <span class='ocrx_word' id='word_1_78' title='bbox 1199 1196 1258 1259; x_wconf 93' lang='lat' dir='ltr'>ei</span> <span class='ocrx_word' id='word_1_79' title='bbox 1304 1194 1561 1279; x_wconf 84' lang='lat' dir='ltr'>singula</span> <span class='ocrx_word' id='word_1_80' title='bbox 1607 1195 1675 1260; x_wconf 91' lang='lat' dir='ltr'>in</span> <span class='ocrx_word' id='word_1_81' title='bbox 1720 1196 1860 1260; x_wconf 89' lang='lat' dir='ltr'>iure</span> <span class='ocrx_word' id='word_1_82' title='bbox 1906 1216 2082 1259; x_wconf 86' lang='lat' dir='ltr'>cessa</span> <span class='ocrx_word' id='word_1_83' title='bbox 2125 1195 2277 1259; x_wconf 88' lang='lat' dir='ltr'>fuis-</span> 
     </span>
     <span class='ocr_line' id='line_1_12' title="bbox 237 1283 2277 1369; baseline 0 -21"><span class='ocrx_word' id='word_1_84' title='bbox 237 1289 396 1350; x_wconf 88' lang='lat' dir='ltr'>sent.</span> <span class='ocrx_word' id='word_1_85' title='bbox 474 1283 565 1348; x_wconf 87' lang='grc'>36.</span> <span class='ocrx_word' id='word_1_86' title='bbox 613 1283 1024 1349; x_wconf 83' lang='lat' dir='ltr'>Testamento</span> <span class='ocrx_word' id='word_1_87' title='bbox 1064 1288 1280 1348; x_wconf 91' lang='lat' dir='ltr'>autem</span> <span class='ocrx_word' id='word_1_88' title='bbox 1319 1284 1599 1369; x_wconf 88' lang='lat' dir='ltr'>scriptus</span> <span class='ocrx_word' id='word_1_89' title='bbox 1637 1284 1822 1348; x_wconf 90' lang='lat' dir='ltr'>heres</span> <span class='ocrx_word' id='word_1_90' title='bbox 1861 1288 2012 1349; x_wconf 89' lang='lat' dir='ltr'>ante</span> <span class='ocrx_word' id='word_1_91' title='bbox 2039 1284 2277 1349; x_wconf 88' lang='lat' dir='ltr'>aditam</span> 
     </span>
     <span class='ocr_line' id='line_1_13' title="bbox 240 1372 2281 1458; baseline -0.002 -18"><span class='ocrx_word' id='word_1_92' title='bbox 240 1373 500 1458; x_wconf 90' lang='lat' dir='ltr'>quidem</span> <span class='ocrx_word' id='word_1_93' title='bbox 563 1372 982 1437; x_wconf 89' lang='lat' dir='ltr'>hereditatem</span> <span class='ocrx_word' id='word_1_94' title='bbox 1049 1373 1119 1438; x_wconf 95' lang='lat' dir='ltr'>in</span> <span class='ocrx_word' id='word_1_95' title='bbox 1182 1375 1321 1438; x_wconf 91' lang='lat' dir='ltr'>iure</span> <span class='ocrx_word' id='word_1_96' title='bbox 1388 1374 1667 1439; x_wconf 90' lang='lat' dir='ltr'>cedendo</span> <span class='ocrx_word' id='word_1_97' title='bbox 1734 1397 1874 1439; x_wconf 87' lang='lat' dir='ltr'>eam</span> <span class='ocrx_word' id='word_1_98' title='bbox 1939 1374 2050 1438; x_wconf 85' lang='lat' dir='ltr'>alii</span> <span class='ocrx_word' id='word_1_99' title='bbox 2113 1372 2281 1438; x_wconf 89' lang='lat' dir='ltr'>nihil</span> 
     </span>
     <span class='ocr_line' id='line_1_14' title="bbox 242 1461 2282 1550; baseline -0.001 -22"><span class='ocrx_word' id='word_1_100' title='bbox 242 1461 441 1550; x_wconf 77' lang='lat' dir='ltr'>agit23</span> <span class='ocrx_word' id='word_1_101' title='bbox 488 1466 713 1546; x_wconf 87' lang='lat' dir='ltr'>postea</span> <span class='ocrx_word' id='word_1_102' title='bbox 766 1484 919 1526; x_wconf 91' lang='lat' dir='ltr'>uero</span> <span class='ocrx_word' id='word_1_103' title='bbox 978 1485 1171 1546; x_wconf 89' lang='lat' dir='ltr'>quam</span> <span class='ocrx_word' id='word_1_104' title='bbox 1220 1463 1451 1527; x_wconf 88' lang='lat' dir='ltr'>adierit</span> <span class='ocrx_word' id='word_1_105' title='bbox 1493 1464 1548 1528; x_wconf 92' lang='lat' dir='ltr'>si</span> <span class='ocrx_word' id='word_1_106' title='bbox 1595 1464 1798 1547; x_wconf 90' lang='lat' dir='ltr'>cedat,</span> <span class='ocrx_word' id='word_1_107' title='bbox 1844 1485 1918 1528; x_wconf 89' lang='lat' dir='ltr'>ea</span> <span class='ocrx_word' id='word_1_108' title='bbox 1964 1462 2282 1547; x_wconf 88' lang='lat' dir='ltr'>accidunt,</span> 
     </span>
     <span class='ocr_line' id='line_1_15' title="bbox 240 1551 2278 1637; baseline 0 -21"><span class='ocrx_word' id='word_1_109' title='bbox 240 1575 405 1637; x_wconf 87' lang='lat' dir='ltr'>quae</span> <span class='ocrx_word' id='word_1_110' title='bbox 469 1552 763 1636; x_wconf 82' lang='lat' dir='ltr'>proxime</span> <span class='ocrx_word' id='word_1_111' title='bbox 828 1551 1105 1616; x_wconf 87' lang='lat' dir='ltr'>diximus</span> <span class='ocrx_word' id='word_1_112' title='bbox 1159 1551 1236 1616; x_wconf 92' lang='lat' dir='ltr'>de</span> <span class='ocrx_word' id='word_1_113' title='bbox 1284 1574 1379 1635; x_wconf 91' lang='lat' dir='ltr'>e0,</span> <span class='ocrx_word' id='word_1_114' title='bbox 1439 1552 1520 1616; x_wconf 87' lang='lat' dir='ltr'>ad</span> <span class='ocrx_word' id='word_1_115' title='bbox 1586 1574 1778 1635; x_wconf 91' lang='lat' dir='ltr'>quem</span> <span class='ocrx_word' id='word_1_116' title='bbox 1828 1553 1906 1617; x_wconf 92' lang='lat' dir='ltr'>ab</span> <span class='ocrx_word' id='word_1_117' title='bbox 1969 1555 2278 1617; x_wconf 87' lang='lat' dir='ltr'>intestato</span> 
     </span>
     <span class='ocr_line' id='line_1_16' title="bbox 237 1640 2281 1745; baseline 0 -39"><span class='ocrx_word' id='word_1_118' title='bbox 237 1642 534 1745; x_wconf 81' lang='lat' dir='ltr'>legitimo</span> <span class='ocrx_word' id='word_1_119' title='bbox 581 1642 720 1705; x_wconf 89' lang='lat' dir='ltr'>iure</span> <span class='ocrx_word' id='word_1_120' title='bbox 766 1641 1048 1725; x_wconf 89' lang='lat' dir='ltr'>pertinet</span> <span class='ocrx_word' id='word_1_121' title='bbox 1105 1640 1456 1724; x_wconf 83' lang='lat' dir='ltr'>hereditaS,</span> <span class='ocrx_word' id='word_1_122' title='bbox 1513 1640 1568 1705; x_wconf 86' lang='lat' dir='ltr'>si</span> <span class='ocrx_word' id='word_1_123' title='bbox 1612 1646 1762 1725; x_wconf 87' lang='lat' dir='ltr'>post</span> <span class='ocrx_word' id='word_1_124' title='bbox 1799 1641 2281 1743; x_wconf 83' lang='lat' dir='ltr'>obligationem</span> 
     </span>
     <span class='ocr_line' id='line_1_17' title="bbox 240 1729 2284 1797; baseline 0 -2"><span class='ocrx_word' id='word_1_125' title='bbox 240 1736 312 1797; x_wconf 74' lang='lat' dir='ltr'>in</span> <span class='ocrx_word' id='word_1_126' title='bbox 366 1732 507 1795; x_wconf 90' lang='lat' dir='ltr'>iure</span> <span class='ocrx_word' id='word_1_127' title='bbox 573 1729 772 1795; x_wconf 90' lang='lat' dir='ltr'>cedat.</span> <span class='ocrx_word' id='word_1_128' title='bbox 865 1730 956 1795; x_wconf 84' lang='grc'>37.</span> <span class='ocrx_word' id='word_1_129' title='bbox 1002 1729 1181 1795; x_wconf 93' lang='lat' dir='ltr'>Idem</span> <span class='ocrx_word' id='word_1_130' title='bbox 1230 1736 1294 1795; x_wconf 92' lang='lat' dir='ltr'>et</span> <span class='ocrx_word' id='word_1_131' title='bbox 1356 1731 1432 1794; x_wconf 93' lang='lat' dir='ltr'>de</span> <span class='ocrx_word' id='word_1_132' title='bbox 1496 1731 1872 1796; x_wconf 87' lang='lat' dir='ltr'>necessariis</span> <span class='ocrx_word' id='word_1_133' title='bbox 1936 1730 2284 1795; x_wconf 90' lang='lat' dir='ltr'>heredibus</span> 
     </span>
     <span class='ocr_line' id='line_1_18' title="bbox 241 1819 2282 1903; baseline -0 -19"><span class='ocrx_word' id='word_1_134' title='bbox 241 1820 531 1885; x_wconf 87' lang='lat' dir='ltr'>diuersae</span> <span class='ocrx_word' id='word_1_135' title='bbox 580 1819 838 1884; x_wconf 89' lang='lat' dir='ltr'>scholae</span> <span class='ocrx_word' id='word_1_136' title='bbox 886 1824 1179 1885; x_wconf 85' lang='lat' dir='ltr'>auctores</span> <span class='ocrx_word' id='word_1_137' title='bbox 1227 1819 1628 1901; x_wconf 86' lang='lat' dir='ltr'>existimant,</span> <span class='ocrx_word' id='word_1_138' title='bbox 1676 1820 1849 1903; x_wconf 92' lang='lat' dir='ltr'>quod</span> <span class='ocrx_word' id='word_1_139' title='bbox 1894 1820 2060 1884; x_wconf 93' lang='lat' dir='ltr'>nihil</span> <span class='ocrx_word' id='word_1_140' title='bbox 2106 1819 2282 1884; x_wconf 90' lang='lat' dir='ltr'>uide-</span> 
     </span>
     <span class='ocr_line' id='line_1_19' title="bbox 241 1906 2288 1995; baseline -0 -21"><span class='ocrx_word' id='word_1_141' title='bbox 241 1915 352 1974; x_wconf 92' lang='lat' dir='ltr'>tur</span> <span class='ocrx_word' id='word_1_142' title='bbox 397 1910 726 1995; x_wconf 79' lang='lat' dir='ltr'>interesse,</span> <span class='ocrx_word' id='word_1_143' title='bbox 770 1912 991 1973; x_wconf 92' lang='lat' dir='ltr'>utrum</span> <span class='ocrx_word' id='word_1_144' title='bbox 1040 1910 1276 1993; x_wconf 74' lang='lat' dir='ltr'>aliquis</span> <span class='ocrx_word' id='word_1_145' title='bbox 1321 1908 1612 1973; x_wconf 86' lang='lat' dir='ltr'>adeundo</span> <span class='ocrx_word' id='word_1_146' title='bbox 1659 1906 2121 1974; x_wconf 77' lang='lat' dir='ltr'>hereditatem⁸</span> <span class='ocrx_word' id='word_1_147' title='bbox 2166 1910 2288 1973; x_wconf 87' lang='lat' dir='ltr'>fiat</span> 
     </span>
     <span class='ocr_line' id='line_1_20' title="bbox 240 1997 2284 2083; baseline -0 -19"><span class='ocrx_word' id='word_1_148' title='bbox 240 1999 428 2064; x_wconf 89' lang='lat' dir='ltr'>heres</span> <span class='ocrx_word' id='word_1_149' title='bbox 476 2021 560 2064; x_wconf 90' lang='lat' dir='ltr'>an</span> <span class='ocrx_word' id='word_1_150' title='bbox 622 1999 868 2063; x_wconf 87' lang='lat' dir='ltr'>inuitus</span> <span class='ocrx_word' id='word_1_151' title='bbox 933 1997 1216 2064; x_wconf 77' lang='lat' dir='ltr'>existat.4</span> <span class='ocrx_word' id='word_1_152' title='bbox 1307 1998 1481 2083; x_wconf 92' lang='lat' dir='ltr'>quod</span> <span class='ocrx_word' id='word_1_153' title='bbox 1540 1998 1729 2082; x_wconf 90' lang='lat' dir='ltr'>quale</span> <span class='ocrx_word' id='word_1_154' title='bbox 1776 1998 1888 2080; x_wconf 88' lang='lat' dir='ltr'>sit,</span> <span class='ocrx_word' id='word_1_155' title='bbox 1956 2020 2071 2063; x_wconf 91' lang='lat' dir='ltr'>suo</span> <span class='ocrx_word' id='word_1_156' title='bbox 2136 1997 2284 2063; x_wconf 90' lang='lat' dir='ltr'>loco</span> 
     </span>
     <span class='ocr_line' id='line_1_21' title="bbox 241 2087 2286 2173; baseline 0 -20"><span class='ocrx_word' id='word_1_157' title='bbox 241 2088 607 2173; x_wconf 88' lang='lat' dir='ltr'>apparebit·</span> <span class='ocrx_word' id='word_1_158' title='bbox 663 2087 773 2152; x_wconf 86' lang='lat' dir='ltr'>sed</span> <span class='ocrx_word' id='word_1_159' title='bbox 827 2087 1034 2152; x_wconf 87' lang='lat' dir='ltr'>nostri</span> <span class='ocrx_word' id='word_1_160' title='bbox 1090 2092 1538 2173; x_wconf 72' lang='lat' dir='ltr'>praeceptores</span> <span class='ocrx_word' id='word_1_161' title='bbox 1592 2091 1829 2172; x_wconf 90' lang='lat' dir='ltr'>putant</span> <span class='ocrx_word' id='word_1_162' title='bbox 1880 2087 2048 2152; x_wconf 87' lang='lat' dir='ltr'>nihil</span> <span class='ocrx_word' id='word_1_163' title='bbox 2093 2108 2286 2173; x_wconf 86' lang='lat' dir='ltr'>agere</span> 
     </span>
     <span class='ocr_line' id='line_1_22' title="bbox 241 2176 2280 2263; baseline -0.001 -21"><span class='ocrx_word' id='word_1_164' title='bbox 241 2178 672 2242; x_wconf 86' lang='lat' dir='ltr'>necessarium</span> <span class='ocrx_word' id='word_1_165' title='bbox 720 2176 1046 2263; x_wconf 87' lang='lat' dir='ltr'>heredem,</span> <span class='ocrx_word' id='word_1_166' title='bbox 1103 2200 1248 2243; x_wconf 92' lang='lat' dir='ltr'>cum</span> <span class='ocrx_word' id='word_1_167' title='bbox 1294 2178 1366 2241; x_wconf 92' lang='lat' dir='ltr'>in</span> <span class='ocrx_word' id='word_1_168' title='bbox 1410 2178 1548 2241; x_wconf 91' lang='lat' dir='ltr'>iure</span> <span class='ocrx_word' id='word_1_169' title='bbox 1605 2177 1827 2243; x_wconf 88' lang='lat' dir='ltr'>cedat</span> <span class='ocrx_word' id='word_1_170' title='bbox 1840 2176 2280 2241; x_wconf 86' lang='lat' dir='ltr'>hereditatem.</span> 
     </span>
    </p>

    <p class='ocr_par' dir='ltr' id='par_1_3' title="bbox 240 2264 2289 2619">
     <span class='ocr_line' id='line_1_23' title="bbox 377 2264 2285 2352; baseline 0 -22"><span class='ocrx_word' id='word_1_171' title='bbox 377 2266 469 2330; x_wconf 85' lang='lat'>38.</span> <span class='ocrx_word' id='word_1_172' title='bbox 519 2264 964 2351; x_wconf 85' lang='lat' dir='ltr'>Obligationes</span> <span class='ocrx_word' id='word_1_173' title='bbox 1047 2289 1306 2352; x_wconf 91' lang='lat' dir='ltr'>quoquo</span> <span class='ocrx_word' id='word_1_174' title='bbox 1389 2267 1583 2331; x_wconf 94' lang='lat' dir='ltr'>modo</span> <span class='ocrx_word' id='word_1_175' title='bbox 1668 2270 2035 2335; x_wconf 75' lang='lat' dir='ltr'>contractae</span> <span class='ocrx_word' id='word_1_176' title='bbox 2116 2265 2285 2330; x_wconf 91' lang='lat' dir='ltr'>nihil</span> 
     </span>
     <span class='ocr_line' id='line_1_24' title="bbox 242 2355 2289 2440; baseline 0 -20"><span class='ocrx_word' id='word_1_177' title='bbox 242 2376 466 2420; x_wconf 92' lang='lat' dir='ltr'>eorum</span> <span class='ocrx_word' id='word_1_178' title='bbox 533 2356 879 2439; x_wconf 91' lang='lat' dir='ltr'>recipiunt.</span> <span class='ocrx_word' id='word_1_179' title='bbox 944 2378 1094 2420; x_wconf 90' lang='lat' dir='ltr'>nam</span> <span class='ocrx_word' id='word_1_180' title='bbox 1142 2357 1317 2440; x_wconf 91' lang='lat' dir='ltr'>quod</span> <span class='ocrx_word' id='word_1_181' title='bbox 1364 2355 1524 2420; x_wconf 91' lang='lat' dir='ltr'>mihi</span> <span class='ocrx_word' id='word_1_182' title='bbox 1582 2356 1660 2420; x_wconf 88' lang='lat' dir='ltr'>ab</span> <span class='ocrx_word' id='word_1_183' title='bbox 1719 2356 1936 2440; x_wconf 91' lang='lat' dir='ltr'>aliquo</span> <span class='ocrx_word' id='word_1_184' title='bbox 1998 2356 2289 2438; x_wconf 91' lang='lat' dir='ltr'>debetur,</span> 
     </span>
     <span class='ocr_line' id='line_1_25' title="bbox 240 2444 2287 2530; baseline -0.001 -20"><span class='ocrx_word' id='word_1_185' title='bbox 240 2445 310 2510; x_wconf 92' lang='lat' dir='ltr'>id</span> <span class='ocrx_word' id='word_1_186' title='bbox 349 2446 408 2510; x_wconf 88' lang='lat' dir='ltr'>si</span> <span class='ocrx_word' id='word_1_187' title='bbox 452 2445 651 2510; x_wconf 93' lang='lat' dir='ltr'>uelim</span> <span class='ocrx_word' id='word_1_188' title='bbox 689 2445 814 2509; x_wconf 91' lang='lat' dir='ltr'>tibi</span> <span class='ocrx_word' id='word_1_189' title='bbox 861 2444 1104 2528; x_wconf 92' lang='lat' dir='ltr'>deberi,</span> <span class='ocrx_word' id='word_1_190' title='bbox 1149 2445 1331 2509; x_wconf 92' lang='lat' dir='ltr'>nullo</span> <span class='ocrx_word' id='word_1_191' title='bbox 1380 2466 1601 2509; x_wconf 86' lang='lat' dir='ltr'>eorum</span> <span class='ocrx_word' id='word_1_192' title='bbox 1648 2447 1862 2530; x_wconf 89' lang='lat' dir='ltr'>mod0,</span> <span class='ocrx_word' id='word_1_193' title='bbox 1909 2445 2143 2530; x_wconf 88' lang='lat' dir='ltr'>quibus</span> <span class='ocrx_word' id='word_1_194' title='bbox 2182 2466 2287 2509; x_wconf 84' lang='lat' dir='ltr'>res</span> 
     </span>
     <span class='ocr_line' id='line_1_26' title="bbox 241 2532 2289 2619; baseline -0 -20"><span class='ocrx_word' id='word_1_195' title='bbox 241 2535 616 2618; x_wconf 87' lang='lat' dir='ltr'>corporales</span> <span class='ocrx_word' id='word_1_196' title='bbox 653 2534 733 2598; x_wconf 83' lang='lat' dir='ltr'>ad</span> <span class='ocrx_word' id='word_1_197' title='bbox 771 2534 970 2598; x_wconf 89' lang='grc'>61111111</span> <span class='ocrx_word' id='word_1_198' title='bbox 1017 2535 1512 2619; x_wconf 86' lang='lat' dir='ltr'>transferuntur,</span> <span class='ocrx_word' id='word_1_199' title='bbox 1558 2535 1625 2597; x_wconf 92' lang='lat' dir='ltr'>id</span> <span class='ocrx_word' id='word_1_200' title='bbox 1663 2536 1917 2601; x_wconf 88' lang='lat' dir='ltr'>efficere</span> <span class='ocrx_word' id='word_1_201' title='bbox 1954 2532 2289 2619; x_wconf 73' lang='lat' dir='ltr'>possum-&#39;³3</span> 
     </span>
    </p>
   </div>
   <div class='ocr_carea' id='block_1_3' title="bbox 238 2662 672 2670">
    <p class='ocr_par' dir='ltr' id='par_1_4' title="bbox 238 2662 672 2670">
     <span class='ocr_line' id='line_1_27' title="bbox 238 2662 672 2670; baseline 0 1247"><span class='ocrx_word' id='word_1_202' title='bbox 238 2662 672 2670; x_wconf 95' lang='lat' dir='ltr'> </span> 
     </span>
    </p>
   </div>
   <div class='ocr_carea' id='block_1_4' title="bbox 239 2727 2289 2871">
    <p class='ocr_par' dir='ltr' id='par_1_5' title="bbox 239 2727 2289 2871">
     <span class='ocr_line' id='line_1_28' title="bbox 391 2727 2289 2799; baseline 0.001 -18"><span class='ocrx_word' id='word_1_203' title='bbox 391 2731 444 2797; x_wconf 89' lang='lat'>1)</span> <span class='ocrx_word' id='word_1_204' title='bbox 483 2727 893 2784; x_wconf 69' lang='lat' dir='ltr'>acl-editoribus</span> <span class='ocrx_word' id='word_1_205' title='bbox 931 2727 998 2783; x_wconf 90' lang='lat' dir='ltr'>V.</span> <span class='ocrx_word' id='word_1_206' title='bbox 1108 2731 1162 2798; x_wconf 83' lang='lat'>2)</span> <span class='ocrx_word' id='word_1_207' title='bbox 1202 2728 1297 2799; x_wconf 83' lang='lat' dir='ltr'>agi</span> <span class='ocrx_word' id='word_1_208' title='bbox 1334 2727 1403 2782; x_wconf 90' lang='lat' dir='ltr'>V.</span> <span class='ocrx_word' id='word_1_209' title='bbox 1514 2731 1568 2798; x_wconf 87' lang='grc'>3)</span> <span class='ocrx_word' id='word_1_210' title='bbox 1605 2728 2189 2783; x_wconf 83' lang='lat' dir='ltr'>hereditatemstatem</span> <span class='ocrx_word' id='word_1_211' title='bbox 2216 2727 2289 2782; x_wconf 88' lang='lat' dir='ltr'>V.</span> 
     </span>
     <span class='ocr_line' id='line_1_29' title="bbox 239 2799 1327 2871; baseline -0.001 -16"><span class='ocrx_word' id='word_1_212' title='bbox 239 2803 297 2871; x_wconf 87' lang='lat'>4)</span> <span class='ocrx_word' id='word_1_213' title='bbox 337 2800 586 2855; x_wconf 86' lang='lat' dir='ltr'>existant</span> <span class='ocrx_word' id='word_1_214' title='bbox 620 2800 688 2855; x_wconf 91' lang='lat' dir='ltr'>V.</span> <span class='ocrx_word' id='word_1_215' title='bbox 836 2803 888 2870; x_wconf 88' lang='lat'>5)</span> <span class='ocrx_word' id='word_1_216' title='bbox 926 2817 1223 2870; x_wconf 88' lang='lat' dir='ltr'>possumus</span> <span class='ocrx_word' id='word_1_217' title='bbox 1259 2799 1327 2854; x_wconf 92' lang='lat' dir='ltr'><strong>V.</strong></span> 
     </span>
    </p>
   </div>
   <div class='ocr_carea' id='block_1_5' title="bbox 243 2904 678 2913">
    <p class='ocr_par' dir='ltr' id='par_1_6' title="bbox 243 2904 678 2913">
     <span class='ocr_line' id='line_1_30' title="bbox 243 2904 678 2913; baseline 0 1004"><span class='ocrx_word' id='word_1_218' title='bbox 243 2904 678 2913; x_wconf 95' lang='lat' dir='ltr'> </span> 
     </span>
    </p>
   </div>
   <div class='ocr_carea' id='block_1_6' title="bbox 240 2960 2297 3603">
    <p class='ocr_par' dir='ltr' id='par_1_7' title="bbox 389 2960 2034 3032">
     <span class='ocr_line' id='line_1_31' title="bbox 389 2960 2034 3032; baseline 0 -19"><span class='ocrx_word' id='word_1_219' title='bbox 389 2964 543 3024; x_wconf 75' lang='lat'><strong>§.34</strong></span> <span class='ocrx_word' id='word_1_220' title='bbox 595 2963 665 3028; x_wconf 78' lang='lat' dir='ltr'>cf.</span> <span class='ocrx_word' id='word_1_221' title='bbox 713 2961 839 3029; x_wconf 80' lang='lat' dir='ltr'><strong>Ulp.</strong></span> <span class='ocrx_word' id='word_1_222' title='bbox 882 2967 1082 3028; x_wconf 87' lang='lat'><strong>19,11.</strong></span> <span class='ocrx_word' id='word_1_223' title='bbox 1146 2962 1294 3017; x_wconf 83' lang='lat' dir='ltr'><strong>Serv.</strong></span> <span class='ocrx_word' id='word_1_224' title='bbox 1335 2962 1410 3015; x_wconf 84' lang='lat' dir='ltr'>ad</span> <span class='ocrx_word' id='word_1_225' title='bbox 1456 2960 1612 3032; x_wconf 73' lang='lat' dir='ltr'><strong>Verq.</strong></span> <span class='ocrx_word' id='word_1_226' title='bbox 1651 2962 1790 3017; x_wconf 72' lang='lat' dir='ltr'><strong>Ae‘n.</strong></span> <span class='ocrx_word' id='word_1_227' title='bbox 1832 2967 1882 3027; x_wconf 82' lang='lat'>3,</span> <span class='ocrx_word' id='word_1_228' title='bbox 1914 2966 2034 3014; x_wconf 82' lang='lat'><strong>297.</strong></span> 
     </span>
    </p>

    <p class='ocr_par' dir='ltr' id='par_1_8' title="bbox 240 3002 2297 3374">
     <span class='ocr_line' id='line_1_32' title="bbox 390 3002 2287 3102; baseline 0.002 -18"><span class='ocrx_word' id='word_1_229' title='bbox 390 3037 420 3096; x_wconf 67' lang='grc' dir='ltr'><strong>ς</strong></span> <span class='ocrx_word' id='word_1_230' title='bbox 461 3036 545 3084; x_wconf 85' lang='lat'>35.</span> <span class='ocrx_word' id='word_1_231' title='bbox 603 3033 673 3099; x_wconf 79' lang='lat' dir='ltr'><strong>cf.</strong></span> <span class='ocrx_word' id='word_1_232' title='bbox 709 3034 869 3099; x_wconf 71' lang='lat' dir='ltr'>infra</span> <span class='ocrx_word' id='word_1_233' title='bbox 905 3039 956 3101; x_wconf 83' lang='lat'>3,</span> <span class='ocrx_word' id='word_1_234' title='bbox 977 3038 1062 3086; x_wconf 86' lang='lat'>85.</span> <span class='ocrx_word' id='word_1_235' title='bbox 1120 3034 1248 3102; x_wconf 69' lang='grc' dir='ltr'>[ΠΡ.</span> <span class='ocrx_word' id='word_1_236' title='bbox 1281 3038 1366 3099; x_wconf 84' lang='grc'>19,</span> <span class='ocrx_word' id='word_1_237' title='bbox 1390 3038 1617 3087; x_wconf 81' lang='lat'><strong>12—14.</strong></span> <span class='ocrx_word' id='word_1_238' title='bbox 1666 3033 1742 3087; x_wconf 89' lang='lat' dir='ltr'>D.</span> <span class='ocrx_word' id='word_1_239' title='bbox 1774 3038 1860 3100; x_wconf 90' lang='lat'>44,</span> <span class='ocrx_word' id='word_1_240' title='bbox 1869 3002 1931 3098; x_wconf 88' lang='lat'>&#39;,4</span> <span class='ocrx_word' id='word_1_241' title='bbox 1951 3037 2002 3100; x_wconf 98' lang='lat'>4,</span> <span class='ocrx_word' id='word_1_242' title='bbox 2024 3037 2092 3085; x_wconf 85' lang='lat'>28</span> <span class='ocrx_word' id='word_1_243' title='bbox 2130 3033 2287 3101; x_wconf 79' lang='lat' dir='ltr'>(Ulp</span> 
     </span>
     <span class='ocr_line' id='line_1_33' title="bbox 245 3074 2292 3176; baseline -0.001 -18"><span class='ocrx_word' id='word_1_244' title='bbox 245 3104 427 3171; x_wconf 89' lang='grc'>1681).</span> <span class='ocrx_word' id='word_1_245' title='bbox 496 3102 553 3157; x_wconf 80' lang='grc' dir='ltr'>Ο.</span> <span class='ocrx_word' id='word_1_246' title='bbox 595 3108 643 3169; x_wconf 87' lang='grc'>7,</span> <span class='ocrx_word' id='word_1_247' title='bbox 676 3108 758 3167; x_wconf 84' lang='grc'>75,</span> <span class='ocrx_word' id='word_1_248' title='bbox 793 3110 820 3157; x_wconf 92' lang='grc'>1</span> <span class='ocrx_word' id='word_1_249' title='bbox 870 3106 942 3173; x_wconf 89' lang='lat' dir='ltr'><strong>(a.</strong></span> <span class='ocrx_word' id='word_1_250' title='bbox 984 3107 1125 3172; x_wconf 83' lang='grc'>213).</span> <span class='ocrx_word' id='word_1_251' title='bbox 1202 3104 1382 3158; x_wconf 78' lang='lat' dir='ltr'>Senec.</span> <span class='ocrx_word' id='word_1_252' title='bbox 1423 3105 1488 3158; x_wconf 80' lang='lat' dir='ltr'>de</span> <span class='ocrx_word' id='word_1_253' title='bbox 1535 3105 1704 3171; x_wconf 77' lang='lat' dir='ltr'>benef.</span> <span class='ocrx_word' id='word_1_254' title='bbox 1745 3109 1794 3169; x_wconf 89' lang='grc'>6,</span> <span class='ocrx_word' id='word_1_255' title='bbox 1826 3075 1876 3170; x_wconf 64' lang='grc' dir='ltr'><strong>δ’,</strong></span> <span class='ocrx_word' id='word_1_256' title='bbox 1907 3074 1955 3159; x_wconf 91' lang='grc'>3.</span> <span class='ocrx_word' id='word_1_257' title='bbox 2031 3103 2292 3176; x_wconf 88' lang='lat' dir='ltr'>cesserit]</span> 
     </span>
     <span class='ocr_line' id='line_1_34' title="bbox 246 3146 2297 3243; baseline -0 -12.99"><span class='ocrx_word' id='word_1_258' title='bbox 246 3176 383 3230; x_wconf 79' lang='lat' dir='ltr'>‘sive</span> <span class='ocrx_word' id='word_1_259' title='bbox 419 3174 535 3243; x_wconf 77' lang='lat' dir='ltr'>ipse</span> <span class='ocrx_word' id='word_1_260' title='bbox 570 3174 745 3240; x_wconf 76' lang='lat' dir='ltr'>heres,</span> <span class='ocrx_word' id='word_1_261' title='bbox 781 3176 894 3229; x_wconf 77' lang='lat' dir='ltr'>sive</span> <span class='ocrx_word' id='word_1_262' title='bbox 929 3176 996 3241; x_wconf 78' lang='lat' dir='ltr'>is,</span> <span class='ocrx_word' id='word_1_263' title='bbox 1042 3177 1202 3229; x_wconf 68' lang='lat' dir='ltr'>cuim</span> <span class='ocrx_word' id='word_1_264' title='bbox 1236 3176 1286 3228; x_wconf 79' lang='lat' dir='ltr'>is</span> <span class='ocrx_word' id='word_1_265' title='bbox 1322 3176 1441 3229; x_wconf 79' lang='lat' dir='ltr'>iuri</span> <span class='ocrx_word' id='word_1_266' title='bbox 1475 3183 1670 3243; x_wconf 80' lang='lat' dir='ltr'>postea</span> <span class='ocrx_word' id='word_1_267' title='bbox 1706 3146 1978 3231; x_wconf 63' lang='lat' dir='ltr'>subiectus</span> <span class='ocrx_word' id='word_1_268' title='bbox 2013 3182 2107 3241; x_wconf 79' lang='lat' dir='ltr'>est,</span> <span class='ocrx_word' id='word_1_269' title='bbox 2143 3176 2297 3230; x_wconf 77' lang='lat' dir='ltr'>velut</span> 
     </span>
     <span class='ocr_line' id='line_1_35' title="bbox 240 3246 2286 3317; baseline -0 -14"><span class='ocrx_word' id='word_1_270' title='bbox 240 3248 294 3303; x_wconf 73' lang='lat' dir='ltr'>si</span> <span class='ocrx_word' id='word_1_271' title='bbox 328 3263 438 3301; x_wconf 79' lang='lat' dir='ltr'>sua</span> <span class='ocrx_word' id='word_1_272' title='bbox 473 3246 622 3299; x_wconf 82' lang='lat' dir='ltr'>heres</span> <span class='ocrx_word' id='word_1_273' title='bbox 656 3246 781 3314; x_wconf 72' lang='lat' dir='ltr'>filia</span> <span class='ocrx_word' id='word_1_274' title='bbox 816 3248 879 3300; x_wconf 75' lang='lat' dir='ltr'>in</span> <span class='ocrx_word' id='word_1_275' title='bbox 923 3264 1149 3301; x_wconf 75' lang='lat' dir='ltr'>manum</span> <span class='ocrx_word' id='word_1_276' title='bbox 1186 3247 1305 3301; x_wconf 79' lang='lat' dir='ltr'>eius</span> <span class='ocrx_word' id='word_1_277' title='bbox 1341 3249 1648 3301; x_wconf 71' lang='lat' dir='ltr'>convenerit</span> <span class='ocrx_word' id='word_1_278' title='bbox 1676 3248 1747 3317; x_wconf 90' lang='grc'>(3,</span> <span class='ocrx_word' id='word_1_279' title='bbox 1769 3247 1902 3317; x_wconf 86' lang='lat'><strong>84)’.</strong></span> <span class='ocrx_word' id='word_1_280' title='bbox 1941 3246 2060 3301; x_wconf 68' lang='grc' dir='ltr'>Ην..</span> <span class='ocrx_word' id='word_1_281' title='bbox 2126 3248 2286 3302; x_wconf 82' lang='lat' dir='ltr'>Varr.</span> 
     </span>
     <span class='ocr_line' id='line_1_36' title="bbox 240 3322 653 3384; baseline -0.013 -10"><span class='ocrx_word' id='word_1_282' title='bbox 240 3337 289 3374; x_wconf 82' lang='lat' dir='ltr'><strong>r.</strong></span> <span class='ocrx_word' id='word_1_283' title='bbox 319 3335 365 3372; x_wconf 83' lang='lat' dir='ltr'><strong>r.</strong></span> <span class='ocrx_word' id='word_1_284' title='bbox 407 3322 459 3384; x_wconf 88' lang='lat'>3,</span> <span class='ocrx_word' id='word_1_285' title='bbox 490 3322 575 3384; x_wconf 92' lang='grc'>16,</span> <span class='ocrx_word' id='word_1_286' title='bbox 605 3323 653 3371; x_wconf 90' lang='grc'>2.</span> 
     </span>
    </p>

    <p class='ocr_par' dir='ltr' id='par_1_9' title="bbox 390 3389 2215 3459">
     <span class='ocr_line' id='line_1_37' title="bbox 390 3389 2215 3459; baseline 0.002 -18"><span class='ocrx_word' id='word_1_287' title='bbox 390 3394 421 3454; x_wconf 67' lang='grc' dir='ltr'>ἓ</span> <span class='ocrx_word' id='word_1_288' title='bbox 460 3394 544 3442; x_wconf 87' lang='grc'>36.</span> <span class='ocrx_word' id='word_1_289' title='bbox 600 3391 671 3456; x_wconf 73' lang='lat' dir='ltr'><strong>cf.</strong></span> <span class='ocrx_word' id='word_1_290' title='bbox 708 3389 867 3456; x_wconf 73' lang='lat' dir='ltr'>infra</span> <span class='ocrx_word' id='word_1_291' title='bbox 905 3394 954 3457; x_wconf 83' lang='lat'>3,</span> <span class='ocrx_word' id='word_1_292' title='bbox 985 3394 1070 3443; x_wconf 90' lang='grc'>86.</span> <span class='ocrx_word' id='word_1_293' title='bbox 1141 3390 1263 3458; x_wconf 77' lang='lat' dir='ltr'><strong>Ulp.</strong></span> <span class='ocrx_word' id='word_1_294' title='bbox 1305 3392 1390 3457; x_wconf 88' lang='lat'>19,</span> <span class='ocrx_word' id='word_1_295' title='bbox 1422 3395 1516 3456; x_wconf 85' lang='lat'>13;</span> <span class='ocrx_word' id='word_1_296' title='bbox 1549 3396 1632 3444; x_wconf 87' lang='lat'><strong>14.</strong></span> <span class='ocrx_word' id='word_1_297' title='bbox 1689 3390 1843 3444; x_wconf 70' lang='lat' dir='ltr'><strong>Ptin.</strong></span> <span class='ocrx_word' id='word_1_298' title='bbox 1881 3407 1963 3459; x_wconf 77' lang='lat' dir='ltr'>ep.</span> <span class='ocrx_word' id='word_1_299' title='bbox 2003 3395 2054 3458; x_wconf 85' lang='lat'>5,</span> <span class='ocrx_word' id='word_1_300' title='bbox 2087 3396 2135 3458; x_wconf 90' lang='lat'>1,</span> <span class='ocrx_word' id='word_1_301' title='bbox 2166 3395 2215 3445; x_wconf 88' lang='grc'>3.</span> 
     </span>
    </p>

    <p class='ocr_par' dir='ltr' id='par_1_10' title="bbox 391 3460 1920 3533">
     <span class='ocr_line' id='line_1_38' title="bbox 391 3460 1920 3533; baseline 0.003 -21"><span class='ocrx_word' id='word_1_302' title='bbox 391 3466 422 3527; x_wconf 66' lang='lat' dir='ltr'>g</span> <span class='ocrx_word' id='word_1_303' title='bbox 461 3465 546 3515; x_wconf 91' lang='grc'>37.</span> <span class='ocrx_word' id='word_1_304' title='bbox 600 3462 671 3528; x_wconf 82' lang='lat' dir='ltr'>cf.</span> <span class='ocrx_word' id='word_1_305' title='bbox 709 3462 866 3528; x_wconf 74' lang='lat' dir='ltr'>infra</span> <span class='ocrx_word' id='word_1_306' title='bbox 904 3466 953 3528; x_wconf 89' lang='grc'>3,</span> <span class='ocrx_word' id='word_1_307' title='bbox 984 3466 1068 3515; x_wconf 91' lang='grc'>87.</span> <span class='ocrx_word' id='word_1_308' title='bbox 1127 3479 1226 3515; x_wconf 89' lang='lat' dir='ltr'>suo</span> <span class='ocrx_word' id='word_1_309' title='bbox 1263 3460 1414 3533; x_wconf 91' lang='lat' dir='ltr'>loco]</span> <span class='ocrx_word' id='word_1_310' title='bbox 1454 3463 1612 3530; x_wconf 78' lang='lat' dir='ltr'>infra</span> <span class='ocrx_word' id='word_1_311' title='bbox 1649 3467 1698 3530; x_wconf 93' lang='grc'><strong>2,</strong></span> <span class='ocrx_word' id='word_1_312' title='bbox 1731 3466 1920 3532; x_wconf 61' lang='grc'>15289.</span> 
     </span>
    </p>

    <p class='ocr_par' dir='ltr' id='par_1_11' title="bbox 393 3534 1804 3603">
     <span class='ocr_line' id='line_1_39' title="bbox 393 3534 1804 3603; baseline 0.003 -19"><span class='ocrx_word' id='word_1_313' title='bbox 393 3537 424 3598; x_wconf 65' lang='grc' dir='ltr'><strong>ξ</strong></span> <span class='ocrx_word' id='word_1_314' title='bbox 465 3537 549 3586; x_wconf 89' lang='grc'>38.</span> <span class='ocrx_word' id='word_1_315' title='bbox 604 3534 675 3600; x_wconf 83' lang='lat' dir='ltr'><strong>cf.</strong></span> <span class='ocrx_word' id='word_1_316' title='bbox 712 3549 886 3602; x_wconf 72' lang='lat' dir='ltr'>supra</span> <span class='ocrx_word' id='word_1_317' title='bbox 925 3538 974 3602; x_wconf 88' lang='grc'><strong>2,</strong></span> <span class='ocrx_word' id='word_1_318' title='bbox 1006 3539 1098 3601; x_wconf 85' lang='grc'>14;</span> <span class='ocrx_word' id='word_1_319' title='bbox 1131 3538 1225 3601; x_wconf 82' lang='grc'>19;</span> <span class='ocrx_word' id='word_1_320' title='bbox 1256 3539 1342 3588; x_wconf 89' lang='grc'>22.</span> <span class='ocrx_word' id='word_1_321' title='bbox 1407 3534 1565 3602; x_wconf 77' lang='lat' dir='ltr'>infra</span> <span class='ocrx_word' id='word_1_322' title='bbox 1602 3539 1652 3603; x_wconf 91' lang='grc'>3,</span> <span class='ocrx_word' id='word_1_323' title='bbox 1683 3539 1804 3588; x_wconf 90' lang='grc'>176.</span> 
     </span>
    </p>
   </div>
  </div>
 </body>
</html>
