2650 3917
873 164 999 219 ΘΑ]
1034 165 1288 220 INSTIT.
1325 165 1404 218 m
1440 170 1666 219 65—70.
2159 163 2287 228 281

262 326 682 413 significatur.
771 330 986 394 uerius
1047 333 1144 394 est
1208 350 1365 413 ergo
1427 328 1554 394 hoe
1617 328 1826 394 solum
1891 350 1966 394 eo
2033 331 2292 392 senatus

262 414 559 481 consulto
607 422 821 483 aetum
859 439 1014 502 esse,
1050 422 1124 483 ut
1170 419 1659 483 manumissoris
1695 417 1900 500 liberi,
1938 418 2050 502 qui
2085 417 2293 483 nomi-

259 504 467 570 natim
505 504 871 573 exheredati
907 529 1041 573 non
1077 507 1225 590 sint,
1270 508 1716 591 praeferantur
1761 508 2081 572 extraneis
2117 507 2293 572 here-

262 593 466 659 dibus.
559 593 650 659 65.
698 596 924 681 Itaque
970 598 1412 680 emancipatus
1457 597 1630 661 filius
1676 598 1932 681 patroni
1990 597 2291 680 praeteri-

142 691 165 714 ‘
259 688 395 767 tus,
460 686 759 768 quamuis
825 690 1048 752 eontra
1110 686 1363 752 tabulas
1426 686 1797 751 testamenti
1860 685 2145 770 parentis
2192 686 2292 751 sui

259 773 580 839 bonorum
645 778 1117 861 possessionem
1174 798 1307 841 non
1365 776 1643 859 petierit,
1703 780 1915 840 tamen
1974 776 2291 841 extraneis

258 861 609 940 heredibus,
641 866 712 930 in
745 865 933 931 bonis
962 865 1343 931 Latinorum
1379 866 1592 949 potior
1626 864 1917 929 habetur.
1998 864 2089 929 66.
2126 863 2291 929 Item

259 955 397 1019 filia
445 955 767 1040 ceterique
810 956 913 1020 sui
956 955 1220 1019 heredes
1258 954 1411 1020 lieet
1447 956 1586 1019 iure
1625 954 1803 1019 ciuili
1839 955 2010 1018 inter
2046 958 2290 1019 eeteros

260 1042 631 1110 exheredati
676 1044 807 1109 sint
853 1048 919 1109 et
932 1042 952 1080 ¹
992 1044 1071 1109 ab
1120 1046 1297 1110 omni
1340 1043 1694 1109 hereditate
1740 1044 1945 1128 patris
1985 1045 2085 1108 sui
2122 1065 2291 1108 sum-

258 1137 659 1218 moueantur,
702 1139 922 1198 tamen
956 1134 1026 1199 in
1068 1133 1258 1199 bonis
1295 1133 1693 1216 Latinorum,
1736 1133 1863 1197 nisi
1907 1133 2290 1198 nominatim

259 1247 297 1289 a
341 1227 606 1307 parente
649 1224 892 1288 fuerint
937 1223 1304 1289 exheredati
1314 1221 1360 1307 ²,
1404 1223 1689 1308 potiores
1738 1226 1926 1286 erunt
1972 1223 2290 1287 extraneis

255 1312 619 1396 heredibus.
714 1312 805 1377 67.
852 1310 1017 1377 Item
1064 1313 1146 1377 ad
1188 1313 1447 1397 liberos,
1493 1312 1605 1397 qui
1652 1311 1732 1376 ab
1779 1311 2135 1376 hereditate
2181 1334 2290 1397 pa-

256 1403 460 1467 rentis
509 1424 575 1466 se
621 1402 1088 1485 abstinuerunt,
1132 1402 1333 1467 nihilo
1380 1404 1591 1468 minus·
1635 1399 1880 1466 tameffl
1915 1402 2079 1466 bona
2116 1400 2289 1466 Lati-

255 1513 491 1558 norum
540 1493 890 1577 pertinent3
948 1492 1176 1557 scilicet
1229 1493 1383 1574 quia
1437 1490 1802 1557 exheredati
1857 1491 2039 1556 nullo
2094 1492 2288 1557 modo

257 1582 385 1647 diei
430 1587 721 1665 possunt,
767 1603 898 1645 non
942 1582 1151 1667 magis
1198 1603 1394 1666 quam
1436 1582 1550 1665 qui
1595 1584 1981 1645 testamento
2030 1580 2287 1645 silentio

254 1671 591 1755 praeteriti
636 1675 804 1736 sunt.
897 1670 989 1736 68.
1036 1670 1140 1734 Ex
1184 1671 1282 1735 his
1330 1669 1631 1735 omnibus
1678 1670 1834 1734 satis
1880 1669 2041 1733 illud
2100 1692 2289 1754 appa-

252 1764 383 1844 ret,
447 1762 503 1825 si
556 1761 639 1844 ie,
704 1759 814 1844 qui
866 1759 1169 1824 Latinum
1232 1760 1486 1842 feeerit,

725 1850 734 1934 Ι
1033 1874 1122 1913 vv.
1161 1856 1247 1914 21
1278 1856 1523 1927 exceptis
1554 1855 1827 1928 frustulis
1863 1854 1975 1928 leyi
2000 1858 2291 1925 nequeumt
2328 1860 2430 1908 144

616 1938 625 2022 Ι
712 1938 803 2003 69.
849 1936 1013 2003 Item
1060 1938 1221 2003 illud
1268 1960 1523 2024 quoque
1570 1940 1860 2001 constare
1911 1936 2186 2021 uidetur,
2231 1938 2287 2002 si

253 2028 431 2094 solos
475 2027 714 2093 liberos
761 2049 838 2092 ex
886 2027 1250 2111 disparibus
1308 2026 1601 2112 partibus
1657 2030 1970 2111 patronus
2025 2023 2034 2113 Ι

251 2143 343 2183 vv.
378 2121 462 2201 14}
490 2124 600 2198 legi
625 2127 916 2196 nequeunt
1155 2114 1244 2204 ,Ι4
1270 2121 1431 2200 tant,
1479 2117 1559 2181 ad
1596 2137 1706 2181 eos
1751 2117 2091 2200 pertinere,
2137 2116 2288 2199 quia
2327 2128 2426 2177 145

250 2206 436 2271 nullo
483 2206 950 2271 interueniente
1005 2210 1306 2271 extraneo
1371 2205 1602 2270 herede
1668 2210 1925 2270 senatus
1991 2205 2284 2270 eonsulto

250 2298 435 2362 loeus
481 2317 616 2360 non
653 2299 767 2360 est.
860 2296 953 2361 70.
1004 2292 1166 2361 Sed⁵
1203 2297 1259 2361 si
1306 2316 1455 2361 eum
1500 2293 1721 2360 liberis
1768 2296 1901 2360 suis
1949 2295 2141 2359 etiam
2181 2315 2287 2357 ex-

251 2391 548 2451 traneum
592 2385 892 2449 heredem
937 2389 1247 2468 patronus
1293 2385 1645 2470 reliquerit,
1684 2382 1973 2448 Caelius⁶
2012 2382 2285 2449 Sabinus

251 2478 346 2541 ait
410 2478 550 2539 tota
610 2474 784 2538 bona
845 2496 964 2558 pro
1029 2474 1331 2541 uirilibus
1395 2472 1689 2558 partibus
1746 2473 1827 2537 ad
1889 2473 2127 2538 liberos
2184 2473 2288 2538 de-

248 2564 462 2630 functi
505 2565 843 2648 pertinere,
891 2564 1042 2648 quia
1081 2586 1227 2629 eum
1276 2568 1615 2629 extraneus
1651 2562 1837 2628 heres
1851 2561 1873 2599 ⁷
1918 2562 2287 2645 interuenit,

249 2675 388 2719 non
433 2652 631 2718 habet
674 2654 782 2717 lex
835 2651 1020 2718 Iunia
1082 2654 1297 2718 locum
1308 2681 1358 2737 ‚·
1393 2654 1504 2718 sed
1570 2656 1826 2718 senatus
1891 2652 2284 2735 consultum3

160 2801 163 2806 .
248 2743 595 2810 Iauolenus
641 2746 853 2807 autem
912 2743 1002 2807 ait
1064 2745 1317 2807 tantum
1375 2765 1515 2807 eam
1577 2747 1827 2825 partem
1883 2763 1963 2805 ex
2026 2744 2284 2806 senatus

250 2833 549 2898 consulto
593 2832 832 2897 liberos
878 2832 1136 2916 patroni
1183 2854 1302 2916 pro
1350 2830 1649 2897 uirilibus
1694 2831 1987 2915 partibus
2032 2829 2288 2893 habitu-

398 3027 449 3094 1)
489 3024 603 3078 sint
641 3027 700 3079 et
735 3026 836 3080 del.
877 3026 1171 3081 Pelenaar.
1356 3027 1408 3094 2)
1446 3023 1823 3080 exhereditati
1858 3024 1925 3078 V.
2108 3025 2161 3093 3)
2198 3022 2283 3076 ni-

246 3096 369 3151 hilo
406 3096 592 3150 minus
657 3097 786 3151 add.
834 3097 1177 3152 Lachmann.
1243 3099 1436 3150 tamen
1491 3098 1621 3151 add.
1677 3097 1796 3151 Hu.
1941 3100 1994 3164 4)
2033 3096 2286 3166 Krueyer

247 3169 483 3238 exempli
517 3184 689 3251 eflusa
721 3171 963 3250 supplet:
1016 3168 1250 3223 heredes
1288 3167 1617 3293 instigulzrit,
1674 3183 1746 3308 e513
1784 3166 1973 3292 ἐῗᾱξνω.
2024 3166 2283 3307 pugilis&

244 3239 648 3381 {illdaVIjam'g’
667 3240 1489 3374 esgtgailtgssshfiffiggscffissaum
1524 3281 1591 3365 ex
1625 3313 1914 3364 extraneos
1930 3279 2185 3365 'heredes
2214 3309 2282 3363 V.

393 3494 424 3554 ξ
463 3494 547 3543 66.
605 3491 674 3557 cf.
711 3507 888 3557 supra
925 3496 974 3558 2,
1006 3494 1125 3544 132.

394 3565 425 3626 ξ
465 3566 549 3615 67.
607 3562 678 3628 cf.
715 3578 889 3630 supra
927 3568 976 3629 2,
1009 3567 1129 3617 158.
