2650 3917
385 189 471 253 52
1203 187 1537 243 VERANIV
1539 189 1592 244 S.

382 351 736 417 retineatur
791 356 855 415 et
919 353 1299 416 remittatur.
1393 357 1460 417 at
1513 351 1834 417 Veranius
1900 352 2141 417 coriola
2199 354 2417 419 existi-

385 444 538 524 mat,
586 462 748 525 quae
795 442 926 505 sint
969 442 1040 505 in
1083 442 1240 505 loris
1289 441 1508 526 apicis,
1564 442 1801 527 quibus
1848 463 2012 525 apex
2062 441 2419 507 retineatur

384 535 449 595 et
485 529 866 614 remittatur,
904 551 1067 614 quae
1105 531 1184 595 ab
1225 530 1605 595 offendendo
1646 531 1954 596 dicantur.
2029 553 2178 595 nam
2219 554 2415 616 quom

383 619 463 683 ad
520 622 803 683 mentum
859 623 1244 703 peruentum
1304 620 1409 703 sit,
1468 619 1706 685 offendi
1764 624 2070 685 mentum.
2119 658 2203 666 —
2251 620 2417 687 Fest.

330 733 354 772 5
382 730 440 773 v.
481 709 813 791 offendices
842 729 914 789 Ρ.
951 706 1101 787 205.

516 797 604 861 10.
653 794 910 861 Oletum
948 800 1193 862 stercus
1228 796 1605 863 humanum.
1695 796 2042 862 Veranius:
2092 796 2420 863 ‘Sacerdo—

382 887 520 952 tula
585 886 654 949 in
715 887 992 950 sacrario
1057 886 1341 951 Martiali
1405 886 1560 952 fecit
1624 888 1909 952 oletum'.
1959 925 2043 933 -
2091 887 2282 952 Paul.
2328 909 2421 970 ep.

516 1064 595 1128 11.
645 1063 956 1127 ‘Muriesl
1022 1064 1161 1148 est',
1226 1064 1763 1147 quemadmodum
1827 1063 2149 1129 Veranius
2214 1066 2421 1149 docet,

305 1179 357 1218 ιο
388 1154 501 1227 ‘ea‚
540 1174 704 1236 quae
740 1154 817 1217 fit
855 1174 933 1217 ex
980 1152 1099 1216 sali
1147 1153 1428 1237 sordido,
1475 1153 1544 1218 in
1578 1153 1715 1238 pila
1751 1154 1960 1237 pisato
2001 1158 2064 1218 et
2103 1154 2174 1219 in
2221 1153 2420 1219 ollam

382 1242 647 1307 fictilem
695 1241 984 1307 coniecto
1022 1242 1241 1326 ibique
1288 1204 1512 1326 opeito
1560 1247 1962 1328 gypsatoque
1999 1247 2065 1308 et
2109 1243 2180 1308 in
2224 1243 2420 1309 furno

382 1334 712 1433 percocto,
774 1331 876 1395 cui
933 1331 1222 1417 uirgines
1278 1331 1572 1396 Vestales
1629 1354 1805 1395 serra
1859 1332 2065 1397 ferrea
2121 1336 2296 1397 secto
2355 1337 2422 1398 et

382 1421 451 1485 in
497 1422 725 1485 seriam
783 1421 1100 1505 coniecto,
1158 1442 1320 1504 quae
1367 1425 1464 1485 est
1518 1421 1694 1485 intus
1740 1421 1810 1486 in
1865 1421 2019 1486 aede
2064 1421 2304 1487 Vestae
2351 1424 2420 1487 in

380 1531 552 1593 penu
599 1496 939 1593 exteriore,
986 1531 1216 1595 aquam
1274 1511 1491 1595 iugem
1538 1511 1643 1573 uel
1699 1509 2084 1594 quamlibet,
2139 1514 2420 1595 praeter-

305 1624 355 1663 15
387 1620 578 1683 quam
616 1614 779 1682 quae
815 1621 929 1682 per
964 1599 1216 1663 fistulas
1254 1599 1453 1683 uenit,
1491 1597 1770 1663 addunt²
1806 1602 1999 1683 atque
2037 1622 2112 1664 ea
2158 1600 2419 1664 demum

383 1688 452 1752 in
497 1687 826 1752 sacrificiis
872 1688 1186 1751 utuntur’.
1232 1726 1321 1733 ——
1366 1688 1531 1753 Fest.
1579 1711 1631 1753 v.
1680 1690 1913 1754 muries
1943 1709 2015 1770 Ρ.
2057 1689 2201 1754 158.

516 1775 604 1841 12.
655 1774 777 1840 Sed
808 1775 1127 1841 Veranius
1159 1776 1638 1842 Pontificalium
1678 1799 1752 1842 eo
1790 1777 1978 1861 libre,
2015 1800 2218 1880 ‘quem
2265 1778 2424 1843 fecit

383 1865 462 1930 de
526 1865 1138 1951 supplicationibuS,
1204 1865 1297 1930 ita
1348 1866 1465 1930 ait.
1533 1865 1853 1950 Pinariis,
1920 1867 2033 1950 qui
2079 1867 2422 1932 nouissimi

385 1975 637 2019 comeso
683 1954 954 2038 prandio
1002 1956 1359 2039 uenissent,
1405 1977 1551 2020 cum
1607 1955 1735 2020 iam
1791 1977 2020 2020 manus
2077 1978 2421 2040 pransores

305 2069 356 2108 20
383 2043 705 2127 lauarent,
767 2043 1165 2129 praecepisse
1228 2043 1601 2127 Herculem,
1664 2066 1745 2109 ne
1802 2044 1960 2129 quid
2021 2052 2246 2129 postea
2292 2046 2423 2131 ipsi

385 2136 496 2196 aut
540 2133 880 2219 progenies
936 2133 1226 2217 ipsorum
1282 2155 1361 2198 ex
1416 2133 1661 2198 decima
1718 2138 2058 2220 gustarent
2105 2135 2424 2200 'sacranda

384 2221 525 2305 sibi,
572 2223 683 2286 sed
728 2222 1137 2287 ministrandi
1183 2225 1437 2286 tantum
1482 2222 1674 2287 modo
1724 2245 1933 2305 causa,
1979 2245 2113 2288 non
2150 2223 2231 2288 ad
2268 2246 2423 2309 epu-

382 2310 479 2374 las
531 2311 975 2395 conuenirent3
1041 2311 1224 2396 quasi
1289 2311 1619 2376 ministros
1674 2332 1828 2396 ergo
1886 2313 2053 2378 sacri
2118 2314 2423 2378 custodes

383 2399 643 2465 uocari’.
693 2438 776 2446 -
826 2400 1109 2465 Maerob.
1155 2400 1288 2465 Sat.
1329 2401 1389 2483 3,
1427 2402 1487 2484 6,
1529 2401 1627 2465 14.

305 2514 356 2554 25
516 2488 603 2554 13.
651 2488 823 2553 Reus
890 2511 1035 2554 cum
1106 2512 1223 2574 pro
1289 2496 1543 2572 ubroque
1593 2495 1901 2572 ponatwr,
1964 2496 2034 2556 ut
2107 2490 2425 2556 Veranius

386 2577 455 2641 in
493 2599 587 2661 ec,
625 2581 740 2661 qui
776 2584 864 2643 est
898 2579 975 2643 de
1008 2579 1214 2644 uerbis
1246 2580 1622 2667 pontificum
1656 2579 1918 2659 scribsit,
1964 2581 2075 2662 qui
2110 2586 2222 2645 wat
2259 2581 2425 2666 dicit

384 2688 502 2749 pro
552 2689 619 2731 se
665 2672 772 2732 aut
820 2674 1037 2733 eontra
1080 2674 1137 2733 te
1190 2669 1356 2751 ayit:
1409 2674 1659 2750 uterque
1716 2672 2113 2734 sacramento
2159 2674 2274 2734 tuo
2324 2671 2425 2735 uti

386 2761 593 2839 potest.
685 2755 849 2822 Fest.
894 2778 950 2822 v.
996 2778 1240 2841 reusp.
1280 2755 1459 2822 289.³

518 2844 607 2911 14.
655 2845 847 2911 Mille
907 2846 1158 2911 wrbwaem
1206 2896 1264 2910 ..
1295 2898 1307 2910 .
1341 2898 1354 2910 .
1402 2868 1432 2910 s
1480 2847 1663 2911 stetit
1720 2868 1838 2929 pro
1904 2868 2103 2933 regno
2135 2899 2424 2914 .......

307 2960 361 2999 so
387 2932 706 3000 Veranius
779 2934 935 2999 inl.
984 2987 1175 3000 .....
1220 2957 1393 3019 cum,
1467 2936 1639 3020 quod
1713 2936 1772 3001 ei
1846 2958 2132 3001 summae
2181 2987 2423 3004 ......

388 3044 642 3087 causam
691 3021 858 3088 Grae
889 3076 1123 3089 ......
1171 3026 1387 3109 χιλιὰς
1441 3029 1506 3090 et
1551 3025 1843 3109 χιλιάδες
1888 3047 1964 3092 60
2020 3029 2236 3091 autem
2289 3049 2426 3092 non

480 3163 537 3175 ..
612 3111 777 3177 Fest.
811 3134 881 3196 Ρ.
925 3112 1069 3177 158.

527 3311 581 3371 1)
618 3304 767 3363 muri
804 3307 920 3361 cod.
976 3307 1043 3373 ef.
1082 3324 1255 3376 supra
1303 3308 1524 3362 Fabius
1561 3309 1750 3363 Pictor
1787 3312 1818 3360 8
1847 3324 1908 3377 Ρ.
1940 3313 1989 3361 4.
2224 3312 2277 3373 2)
2325 3311 2428 3364 ad-

387 3375 522 3430 dent
556 3376 673 3430 eod.
843 3379 896 3446 3)
932 3378 1079 3432 hane
1112 3379 1348 3449 qlossam
1396 3380 1632 3435 Veranio
1678 3384 1815 3434 reete
1859 3379 2175 3435 attribuisse
2209 3382 2428 3437 videtur

387 3449 472 3502 M.
513 3447 701 3502 Hertz.
775 3450 843 3516 ef.
885 3449 1252 3504 Reitzenstein
1290 3452 1322 3505 1.
1354 3467 1397 3506 e.
1427 3467 1489 3520 Ρ.
1520 3455 1604 3506 49.
