2650 3917
487 148 808 203 GRANIVS
846 147 1162 204 FLAOCVS
1202 180 1269 189 —
1307 148 1382 202 M.
1420 145 1801 212 ANTISTIVS
1839 146 2092 201 LABEO.
2211 145 2298 210 55

271 311 581 376 muliebre
648 313 979 398 cingulum
1050 312 1305 395 capitis,
1380 333 1508 395 quo
1574 332 1692 394 pro
1748 312 1916 375 uitta
1978 311 2301 375 flaminica

269 401 661 466 redimiatur.
714 439 788 448 —-
841 403 1005 466 Fest.
1050 423 1107 475 v.
1151 404 1319 466 ricae
1352 423 1421 482 p.
1461 401 1543 464 27
1558 401 1608 464 7.

348 526 353 530 ·
404 492 458 555 7.
506 488 595 577 (5²)
645 490 927 555 'Flaccus
942 490 965 528 ¹
1038 490 1261 554 scribit
1321 489 1606 554 Numam
1670 488 2091 573 Pompilium,
2154 509 2300 553 cum

265 601 451 647 sacra
486 579 795 645 Romanis
843 579 1161 658 conderet,
1198 582 1354 643 uoto
1404 581 1798 663 impetrasse,
1834 583 1910 642 ut
1951 599 2170 642 omnes
2209 578 2301 642 dii

269 669 505 733 falsum
552 669 981 734 iuramentum
1028 669 1449 733 uindicarent.
1496 705 1586 714 —
1637 667 1923 733 Gramm.
1959 669 2080 732 ine.
2117 668 2299 749 yloss.
2356 692 2378 731 5

267 759 358 823 ad
399 758 560 823 Aen.
594 758 695 840 12,
727 758 859 822 234
905 779 979 823 ex
1020 757 1242 823 Bon-ch.
1280 758 1519 822 advers.
1550 756 1655 841 33,
1687 756 1787 838 13,
1833 758 1905 820 in
1941 757 2303 837 Appendiee

265 848 583 914 Sermiana
629 848 708 912 ab
754 847 1124 912 Hermanno
1170 847 1401 929 Hayen
1446 847 1616 911 edita
1659 843 1776 929 III,
1822 845 1969 910 524.

831 1093 955 1148 DE
988 1093 1200 1148 IVRE
1235 1091 1741 1148 PAPIRIANO.²

400 1206 455 1270 8.
503 1202 581 1268 In
625 1202 970 1288 Papiriano
1037 1204 1207 1268 enim
1272 1204 1413 1267 iure
1477 1202 1807 1266 euidenter
1866 1202 2141 1266 relatum
2203 1204 2300 1265 est

264 1314 411 1357 arae
458 1292 669 1358 uicem
724 1296 1049 1377 praestare
1104 1314 1294 1376 posse
1357 1313 1640 1356 mensam
1704 1290 2005 1357 dicatam:
2072 1289 2188 1355 ‘Ut
2232 1291 2302 1355 in
2330 1315 2382 1354 10

263 1382 557 1466 templo',
621 1382 864 1467 inquit,
930 1380 1219 1447 ‘Iunonis
1283 1380 1683 1465 Populoniae
1747 1384 2021 1465 augusta
2083 1401 2303 1444 mensa

263 1477 377 1536 est.
473 1493 752 1554 namque
811 1472 875 1536 in
934 1471 1103 1535 fanis
1166 1470 1293 1534 alia
1365 1492 1667 1534 uasorum
1734 1474 1886 1534 sunt
1950 1474 2016 1533 et
2087 1490 2302 1534 sacrae

262 1559 719 1646 supellectilis,
767 1559 891 1625 alia
946 1564 1483 1625 ornamentorum.
1576 1581 1740 1642 quae
1784 1580 2087 1623 uasorum
2134 1562 2303 1641 sunt,

263 1650 684 1714 instrumenti
748 1649 952 1714 instar
1012 1648 1279 1731 habent,
1355 1648 1588 1732 quibus
1663 1669 1915 1731 semper
1990 1648 2302 1713 sacrificia

261 1739 714 1804 conficiuntur.
808 1761 1076 1822 quarum
1122 1760 1333 1802 rerum
1377 1737 1735 1821 principem
1780 1737 2000 1802 locum
2051 1736 2302 1800 obtinet
2329 1761 2380 1801 15

260 1850 504 1911 mensa,
551 1828 622 1892 in
668 1850 797 1911 qua
841 1827 1066 1911 epulae
1110 1827 1580 1909 libationesque
1626 1829 1690 1889 et
1738 1828 1935 1909 stipes
1986 1847 2303 1909 reponun-

260 1923 384 1983 tur.
481 1921 859 1981 ornamenta
904 1937 1060 1980 uero
1107 1919 1259 1980 sunt
1304 1916 1521 1999 clipei,
1572 1935 1844 1980 coronae
1892 1919 1956 1978 et
2008 1914 2302 1981 huiusce-

260 2007 438 2072 modi
488 2006 773 2072 donaria.
865 2026 1074 2088 neque
1110 2005 1280 2069 enim
1326 2004 1594 2068 donaria
1631 2003 2010 2069 dedicantur
2037 2026 2112 2068 eo
2146 2007 2303 2067 tem-

260 2118 437 2181 pore,
487 2117 622 2179 quo
671 2093 937 2158 delubra
982 2098 1337 2178 sacrantur3
1386 2098 1453 2157 at
1499 2115 1652 2158 uero
1690 2115 1832 2158 men
1840 2115 1910 2158 sa
1957 2093 2301 2176 arulaeque

260 2187 489 2251 eodem
559 2184 692 2267 die,
756 2205 884 2266 quo
949 2183 1138 2247 aedes
1202 2183 1407 2266 ipsae,
1471 2183 1748 2248 dedicari
1814 2181 2039 2247 solent.
2132 2181 2299 2246 unde
2328 2210 2380 2248 20

259 2282 484 2340 ‘mensa
531 2273 661 2338 hoc
705 2275 836 2337 ritu
885 2272 1175 2337 dedicata
1220 2272 1288 2335 in
1335 2270 1580 2356 templo
1628 2293 1774 2336 arae
1819 2294 2007 2336 usum
2045 2275 2125 2336 et‘
2155 2270 2299 2335 reli-

259 2367 523 2451 gionem
579 2361 833 2428 obtinet
886 2361 1289 2446 puluinaris’.
1351 2399 1433 2406 —
1491 2361 1774 2426 Maerob.
1820 2360 1953 2426 Sat.
2001 2361 2062 2445 3,
2103 2362 2203 2444 11,
2240 2360 2299 2425 5.

813 2610 900 2676 M.
945 2608 1411 2676 ANTISTIVS
1458 2608 1748 2675 LABEO

969 2714 1131 2785 (vixit
1168 2714 1271 2768 sub
1308 2715 1603 2784 Augusto).

842 2840 963 2894 DE
996 2839 1209 2894 IVRE
1243 2838 1730 2895 PONTIFIGIO.
2329 2867 2381 2909 ,ὅ

389 2955 441 3019 1.
492 2949 927 3016 ‘Proculiunt'
974 2950 1367 3033 promittunt
1412 2949 1505 3012 ait
1559 2949 1920 3034 significare
1977 2945 2299 3012 Antistius

260 3043 336 3106 de
409 3043 555 3106 iure
630 3037 988 3122 pontificali
1050 3040 1092 3103 l.
1140 3036 1353 3102 VIIII.
1429 3075 1512 3083 -—
1586 3039 1751 3102 Fest.
1822 3059 1876 3102 v.
1938 3037 2305 3118 proculiunt

246 3153 317 3214 p.
354 3130 508 3197 253.

408 3328 463 3392 1)
499 3322 737 3376 Flaccus
776 3322 941 3376 Lion.
980 3320 1152 3374 Elaus
1190 3320 1305 3375 cod.
1347 3321 1464 3374 ‘sed
1499 3322 1768 3375 ineertwm
1802 3327 1896 3387 est,
1935 3337 2011 3374 an
2052 3319 2304 3375 Granius

259 3396 357 3451 hoc
394 3398 460 3449 in
497 3394 943 3465 indiyitamentis
979 3392 1198 3447 ddoeerit.
1264 3393 1331 3447 de
1370 3393 1558 3447 Verrio
1587 3393 1791 3446 Flacco
1819 3392 2131 3447 Dirksenne
2157 3393 2300 3462 0092·-

261 3468 444 3522 tavit’.
487 3466 606 3523 Ha.
755 3468 809 3535 2)
846 3482 984 3518 num
1037 3465 1180 3518 idem
1214 3465 1291 3519 sit
1330 3463 1581 3518 Granius
1617 3465 1871 3530 blacena,
1909 3479 2062 3531 quem
2102 3463 2303 3517 librum

262 3539 328 3592 de
371 3540 499 3592 iwre
541 3537 859 3605 ,Papiriano
901 3535 1180 3605 scripsisse
1220 3536 1440 3590 Paulus
1480 3536 1626 3604 (9⁹15)
1666 3536 1740 3589 D.
1773 3540 1856 3600 50,
1882 3540 1964 3602 16,
1989 3539 2091 3587 144
2119 3535 2302 3601 refert,
