2650 3917
991 157 1048 212 C.
1086 156 1348 211 ATEIVS
1387 155 1662 211 CAPITO.
2227 156 2312 219 65

280 321 455 407 quod
502 344 633 406 quo
681 324 970 405 tempore
1017 343 1118 405 ea,
1165 342 1329 404 quae
1384 322 1674 385 occultae
1720 323 1783 384 et
1837 319 2091 384 abditae
2105 317 2125 354 ¹
2172 321 2316 384 reli-

275 412 493 496 gionis
541 412 807 475 deorum
851 410 1142 475 Manium
1187 413 1429 493 essent,
1473 410 1680 474 ueluti
1726 410 1794 473 in
1847 409 2057 474 lucem
2118 431 2315 492 quan-

275 499 423 565 dam
476 500 943 564 adducerentur
988 503 1054 564 et
1108 499 1513 584 patefierent,
1568 498 1735 563 nihil
1779 519 1854 562 eo
1909 501 2199 582 tempore
2245 499 2314 562 in

275 612 348 654 re
376 590 643 674 publica
671 590 808 674 geri
844 591 1215 653 uoluerunt:
1262 590 1482 673 itaque
1528 610 1642 672 per
1679 610 1788 652 eos
1827 587 1960 651 dies
1998 609 2130 652 non
2167 592 2321 651 cum¹

271 680 464 744 hoste
520 700 748 743 manus
813 677 1258 762 conserebant,
1331 700 1464 742 non
1518 678 1834 741 exercitus
1891 676 2364 759 scribebatur,

270 791 409 834 non
469 767 734 834 comitia
796 767 1221 846 habebantur,
1284 787 1412 832 non
1467 766 1643 830 aliud
1709 768 2053 850 quicquam
2117 767 2185 828 111
2244 787 2313 829 re

269 856 562 942 publica,
609 857 738 920 nisi
785 856 959 940 quod
1021 856 1254 921 ultima
1324 857 1672 920 necessitas
1737 855 2145 937 admonebat,
2209 854 2314 918 ad-

270 946 809 1012 ministrabatur&
856 984 945 992 -
991 947 1156 1012 Fest.
1202 968 1255 1009 v.
1304 945 1577 1010 mundus
1609 943 1865 1026 p.154.

409 1036 499 1100 10.
549 1033 619 1099 Si
665 1035 1037 1100 uolentibus
1075 1035 1261 1100 uobis
1299 1035 1438 1115 erit,
1476 1035 1706 1118 inquit,
1743 1035 1812 1097 in
1847 1032 2128 1097 medium
2170 1054 2313 1116 pro-

269 1126 433 1209 fero,
480 1147 648 1208 quae
678 1124 755 1190 de
781 1125 905 1190 hac
952 1124 1170 1189 eadem
1210 1146 1402 1189 causa
1439 1123 1612 1208 apud
1638 1121 1904 1187 Ateium
1935 1120 2311 1205 Capitonem
2342 1149 2392 1187 ιο

269 1215 601 1300 pontificii
645 1213 807 1278 iuris
853 1214 1022 1279 inter
1076 1213 1317 1297 primos
1377 1213 1657 1296 peritum
1719 1212 1954 1296 legisse
2018 1210 2312 1275 memini:

271 1306 388 1388 qui
449 1326 599 1369 cum
653 1305 833 1368 nefas
889 1325 1026 1367 esse
1088 1303 1365 1367 sanciret
1420 1302 1686 1366 deorum
1740 1301 1980 1365 formas
2035 1301 2314 1383 insculpi

270 1393 486 1458 anulis
496 1443 515 1474 ‚
580 1414 655 1457 eo
721 1414 925 1477 usque
980 1393 1319 1476 processit,
1381 1394 1457 1455 ut
1502 1395 1592 1473 et,
1648 1412 1761 1455 cur
1806 1392 1872 1454 in
1934 1389 2060 1454 1100
2106 1390 2312 1475 digito

187 1522 196 1529 -
268 1484 380 1547 uel
425 1483 496 1546 in
543 1481 667 1547 hac
711 1504 908 1545 manu
954 1484 1312 1567 gestaretur
1359 1480 1616 1561 anulus,
1665 1501 1798 1544 non
1843 1482 2100 1544 taceret.
2169 1478 2313 1542 ‘Ve-

270 1572 487 1654 teres'‚
536 1571 769 1653 inquit,
816 1570 968 1635 ‘non
1008 1573 1290 1652 ornatuS,
1327 1569 1439 1634 sed
1487 1568 1783 1654 signandi
1822 1590 2011 1632 causa
2050 1569 2312 1632 anulum
2340 1593 2392 1633 15

272 1683 496 1726 secum
563 1659 1108 1725 circumferebant.
1202 1658 1370 1722 unde
1434 1680 1552 1723 nec
1610 1659 1757 1741 plus
1820 1657 2056 1722 habere
2122 1679 2312 1741 quam

268 1772 476 1815 unum
541 1749 777 1813 licebat
840 1770 958 1813 nec
1031 1748 1331 1832 cuiquam
1395 1747 1522 1812 nisi
1584 1746 1816 1829 libero,
1880 1742 2078 1830 quos2
2141 1746 2311 1810 solos

268 1840 433 1904 fides
509 1838 786 1920 deceret,
859 1859 1022 1920 quae
1096 1837 1428 1922 signaculo
1505 1838 1887 1901 continetur.
1992 1835 2136 1899 ideo
2210 1836 2312 1898 ius

270 1928 620 1993 anulorum
666 1927 891 1991 famuli
947 1948 1077 1991 non
1121 1925 1460 1990 habebant.
1552 1925 2046 2009 imprimebatur
2099 1927 2312 1988 autem

275 2017 617 2101 sculptura
661 2017 965 2080 materiae
1013 2017 1217 2100 anuli,
1273 2016 1412 2079 siue
1467 2038 1545 2078 ex
1600 2016 1771 2079 ferro
1828 2015 1964 2079 siue
2021 2035 2100 2077 ex
2155 2035 2310 2077 auro
2340 2039 2392 2078 20

269 2108 471 2187 foret3
510 2107 578 2169 et
615 2104 1007 2189 gestabatur,
1033 2108 1108 2168 ut
1137 2105 1409 2188 quisque
1447 2104 1661 2184 uellet,
1692 2124 2071 2187 quacunque
2098 2124 2311 2180 mann,

270 2194 571 2280 quolibet
610 2193 834 2280 digito.
925 2195 1195 2277 postea’,
1232 2195 1463 2278 inquit,
1502 2193 1681 2258 ‘usus
1719 2192 2105 2257 luxuriantis
2145 2195 2311 2255 aeta-

270 2287 359 2349 tis
423 2286 791 2369 signaturas
856 2283 1155 2366 pretiosis
1212 2284 1483 2368 gemmis
1539 2284 1753 2366 coepit
1807 2281 2193 2365 insculpere,
2248 2284 2313 2344 et

271 2375 572 2439 certatim
599 2372 759 2437 haec
796 2373 1005 2437 omnis
1051 2373 1330 2436 imitatio
1367 2372 1711 2456 lacessiuit,
1740 2376 1813 2435 ut
1844 2372 1919 2435 de
1966 2373 2310 2455 augmento

272 2464 490 2548 pretii,
538 2484 667 2545 quo
716 2461 1097 2545 sculpendos
1152 2462 1398 2546 lapides
1452 2465 1812 2546 parassent,
1858 2460 2307 2546 gloriarentur.
2338 2485 2389 2524 25

271 2553 427 2619 hinc
472 2552 720 2617 factum
760 2555 875 2633 est,
902 2554 976 2614 ut
1020 2573 1174 2615 usus
1223 2550 1563 2616 anulorum
1612 2553 1947 2634 exemptus
1995 2549 2310 2632 dexterae,

272 2663 439 2726 quae
487 2640 766 2706 multum
813 2639 1222 2725 negotiorum
1268 2642 1454 2726 gerit,
1491 2640 1560 2703 in
1605 2639 1855 2704 laeuam
1900 2639 2311 2724 relegaretur,

272 2753 437 2815 quae
498 2730 772 2795 otiosior
818 2733 915 2793 est
925 2780 942 2811 ‚
997 2751 1078 2793 ne
1134 2729 1358 2793 crebro
1423 2733 1604 2793 motu
1671 2732 1734 2792 et
1801 2727 2017 2793 officio
2083 2748 2310 2791 manus

271 2821 576 2885 dexterae
612 2819 881 2903 pretiosi
919 2818 1166 2902 lapides
1211 2818 1677 2903 frangerentur.
1770 2819 2014 2882 electus
2052 2817 2311 2894 autem’‚
2367 2883 2371 2887 ,

268 2909 506 3011 inquit,
556 2907 648 2971 ‘in
694 2909 837 2992 ipsa
880 2909 1067 2972 laeua
1110 2930 1308 2972 manu
1355 2908 1596 2994 digitus
1648 2907 1915 2972 minimo
1973 2904 2308 2990 proximus
2339 2930 2392 2970 3⁰

269 3000 457 3083 quasi
505 2998 722 3081 aptior
772 2997 1000 3061 ceter1s
1010 3047 1026 3079 ,
1075 2998 1179 3061 cui
1236 2997 1790 3061 commendaretur
1844 2995 2021 3060 anuli
2078 2995 2311 3077 pretio-

269 3090 447 3152 sitas.
539 3108 690 3150 nam
723 3085 973 3188 pollex,
1022 3087 1135 3169 qui
1179 3107 1415 3150 nomen
1461 3086 1539 3150 ab
1585 3107 1678 3170 e0,
1726 3085 1898 3169 quod
1944 3083 2165 3168 pollet,
2211 3106 2309 3148 ac-

266 3178 468 3262 cepit,
532 3197 654 3241 nec
717 3176 785 3240 in
850 3176 1111 3239 sinistra
1175 3178 1380 3239 cessat
1451 3196 1570 3240 1100
1633 3175 1848 3239 minus
1914 3196 2106 3258 quam
2171 3176 2312 3237 tota

268 3288 500 3332 manus
566 3286 820 3349 semper
883 3265 953 3328 in
1009 3262 1226 3328 officio
1284 3268 1397 3327 est.
1488 3264 1656 3330 unde
1703 3268 1769 3329 et
1814 3263 1984 3346 apud
2032 3261 2309 3327 Graecos

269 3353 599 3439 ἀντίχειρ’
598 3404 615 3435 ,
661 3353 902 3439 inquit,
950 3354 1243 3417 ‘uocatur
1288 3354 1473 3436 quasi
1517 3376 1743 3418 manus
1792 3355 2009 3418 altera.
2083 3350 2307 3436 pollici
2335 3375 2387 3416 35

415 3553 467 3620 1)
505 3547 706 3602 abdita
745 3564 811 3600 ea
848 3545 961 3601 cod.
1111 3547 1163 3615 2)
1203 3546 1356 3614 quod
1395 3562 1490 3600 eos
1529 3547 1647 3600 Hu.

375 3649 588 3688 Ivntsrn.
618 3657 783 3687 nunt.
811 3656 890 3686 nn.
922 3645 1398 3686 Seckel-KUbIer.
1428 3646 1464 3685 Ι.
1956 3641 1987 3688 5
