2650 3917
6 549 13 564 ν
4 393 19 536 -w-ss—

6 603 15 904 ῄύ

802 1074 1267 1142 EDITORVM
1312 1074 1830 1143 PRAEFATIO.

422 1228 478 1286 A
515 1225 851 1302 bibliopola
893 1226 1310 1286 honestissimo
1357 1228 1538 1301 atque
1579 1224 1653 1284 de
1690 1225 1905 1285 studiis
1943 1226 2327 1301 antiquitatis

289 1317 516 1391 optime
551 1317 771 1374 merito
809 1315 1027 1375 abhinc
1045 1333 1248 1374 :annos
1285 1333 1496 1374 novem
1535 1315 1753 1391 rogati,
1789 1318 1863 1373 ut
1899 1314 2092 1374 denuo
2131 1314 2326 1374 edere-

290 1423 424 1465 mus
451 1404 760 1463 Huschkii
783 1402 1321 1480 Iurisprudentiam
1362 1403 1787 1463 anteiustinian
1796 1423 1910 1478 am,
1936 1422 2057 1463 non
2092 1398 2327 1463 dubita-

286 1493 487 1554 vimus
515 1512 734 1552 munus
763 1492 1032 1552 oblatum
1059 1492 1276 1566 subire,
1304 1494 1591 1569 quoniam
1616 1511 1971 1568 persuasum
1997 1492 2168 1552 nobis
2198 1496 2329 1553 erat

284 1582 513 1641 librum
550 1583 870 1658 perutilem
909 1582 1157 1661 dignum
1194 1601 1339 1654 esse,
1368 1584 1474 1659 qui
1508 1584 1728 1641 iterum
1758 1585 1943 1658 atque
1973 1581 2171 1658 quoad
2197 1582 2329 1642 fieri

282 1673 493 1746 posset
530 1670 901 1732 emendatior
939 1673 1141 1730 exiret.
1234 1689 1306 1730 ac
1341 1672 1603 1746 primum
1641 1672 1881 1748 quidem
1924 1669 2040 1730 Gai
2074 1671 2324 1730 Institu-

281 1761 485 1821 tiones
523 1762 943 1835 recensuimus,
981 1779 1133 1837 quae
1169 1760 1525 1835 prodierunt
1560 1778 1718 1819 anno
1760 1762 1948 1821 1903.
2001 1758 2212 1820 deinde
2250 1760 2328 1819 ad

283 1852 522 1910 ceteras
566 1853 770 1926 partes
815 1849 958 1908 libri
1001 1849 1375 1910 Huschkiani
1419 1848 1832 1908 retractandas
1878 1849 2146 1926 adgressi
2189 1868 2329 1909 mox

281 1940 679 2017 cognovimus
726 1957 878 2014 opus
925 1942 1267 2014 susceptum
1315 1938 1620 1998 difficilius
1667 1957 1736 1997 ac
1780 1937 2136 1998 laboriosius
2182 1957 2328 2013 esse,

281 2047 471 2105 quam
519 2031 964 2104 putaveramus.
1057 2028 1302 2102 accedit,
1343 2027 1501 2103 quod
1545 2027 1889 2087 muneribus
1934 2029 2155 2087 nostris
2193 2046 2329 2088 aca-

277 2115 555 2193 demicis,
582 2116 1097 2177 lucubrationibus
1126 2117 1280 2189 aliis,
1308 2118 1466 2176 curis
1495 2116 1833 2177 domesticis
1861 2135 2038 2192 saepe
2067 2117 2328 2176 districti

278 2207 633 2267 subsecivas
669 2209 910 2266 tantum
935 2206 1116 2265 horas
1143 2225 1360 2281 operae
1395 2207 1695 2265 communi
1721 2204 2062 2281 impendere
2089 2209 2325 2281 potera-

272 2315 415 2356 mus
446 2314 563 2357 nec
587 2314 726 2355 raro
752 2295 927 2354 labor
962 2300 1165 2355 noster
1200 2294 1439 2355 casibus
1474 2296 1819 2370 improvisis
1856 2295 2326 2371 interrumpeba-

274 2388 398 2444 tur.
479 2403 602 2461 quo
638 2386 865 2444 factum
902 2388 1010 2458 est,
1045 2387 1118 2443 ut
1150 2402 1312 2443 nunc
1345 2383 1587 2443 tandem
1624 2386 1882 2460 primam
1917 2387 2149 2460 partem
2186 2383 2327 2443 libri

268 2475 342 2535 111
399 2474 716 2552 publicum
775 2475 1145 2548 emittamus,
1201 2492 1383 2549 quam
1429 2473 1661 2549 aliquot
1725 2475 1897 2533 annis
1942 2476 2081 2549 post
2125 2491 2326 2549 spera·

269 2583 414 2623 mus
469 2564 725 2623 alteram
762 2566 1100 2622 secuturam
1138 2580 1280 2622 esse.
1356 2564 1629 2621 nostrum
1676 2564 1881 2621 autem
1918 2567 2010 2622 est
2044 2562 2158 2620 hoc
2192 2562 2325 2623 loco

265 2653 558 2712 breviter
594 2670 902 2728 exponere,
930 2670 1048 2754 quo
1084 2651 1262 2710 modo
1302 2650 1498 2710 officio
1525 2653 1654 2710 tam
1690 2651 1931 2711 honoris
1961 2670 2141 2726 quam
2168 2652 2324 2727 peri-

266 2744 402 2801 culi
463 2742 645 2817 pleno
699 2742 893 2799 functi
947 2743 1150 2817 simuS,
1206 2743 1389 2816 atque
1443 2741 1672 2818 negotii
1727 2741 2119 2800 communiter
2173 2740 2326 2816 gesti

260 2834 555 2891 rationes
590 2829 849 2889 reddere.

413 2920 508 2978 Et
563 2918 876 2978 constabat
929 2918 1168 3020 quidem
1223 2919 1385 2977 inter
1438 2936 1546 2979 nos
1601 2918 2083 2992 fundamentum,
2133 2920 2323 2977 consi-

254 3009 465 3084 lium,
523 3007 791 3068 ordinem
837 3009 1029 3084 operis
1086 3007 1486 3082 Huschkiani,
1533 3008 1889 3083 ubicumque
1932 3006 2061 3065 fieri
2104 3011 2323 3085 posset,

258 3116 524 3159 summa
569 3115 706 3156 cum
750 3099 976 3174 pietate
1021 3097 1380 3156 servandum
1422 3114 1577 3170 esse,
1613 3098 1868 3174 singulis
1915 3115 2150 3173 quoque
2187 3115 2324 3172 par·

256 3188 570 3261 cendum,
624 3187 715 3246 ita
767 3189 972 3245 tamen
1024 3189 1097 3245 ut
1154 3188 1459 3245 sarmenta
1513 3189 1573 3245 et
1627 3186 1893 3246 surculos
1954 3185 2324 3260 pullulantes

250 3278 522 3356 ingenii
560 3279 1009 3353 nonnumquam
1053 3276 1307 3333 nimium
1348 3274 1463 3334 sibi
1496 3275 1862 3352 indulgentis
1908 3276 2324 3350 luxuriamque

254 3367 735 3428 divinationum
790 3368 971 3440 atque
1027 3363 1400 3441 opinionum'
1432 3363 1604 3440 quasi
1657 3364 2065 3423 silvescentem
2117 3382 2324 3439 ampu-

247 3460 488 3517 tantes
526 3472 943 3514 coerceremus.
999 3455 1206 3530 itaque
1233 3453 1300 3511 id
1327 3456 1682 3528 spectantes,
1708 3457 1781 3511 ut
1803 3452 2323 3528 iurisprudentiae‚

248 3565 411 3605 non.
438 3543 597 3603 iuris
631 3543 919 3619 reliquias
956 3542 1389 3621 colligeremus,
1436 3542 1819 3617 probavimus
1856 3540 2151 3601 Huschkii
2187 3559 2325 3599 con-

1933 3638 2004 3691 a*
