2650 3917
779 144 1081 200 VLPIANI
1117 142 1576 198 FRAGMENTA
1615 142 1923 198 MINORA.
2222 144 2354 209 503

448 310 703 374 arbares
777 309 1101 374 soodales¹
1176 308 1241 373 οὶ
1313 305 1466 393 περὶ
1541 307 1720 394 ὅρων
1796 308 2352 391 διαγινώσκοντες

314 399 640 463 δικασταί.
686 435 776 445 -
820 398 860 463 l.
897 418 945 463 c.
970 420 1041 480 Ρ.
1084 398 1185 463 19.

451 487 745 553 atriensis
793 486 1175 574 διαιτάριος.
1250 485 1649 571 διαιτάρχης.
1695 523 1784 531 -
1831 486 1868 549 Ζ.
1906 506 1953 549 ο.
1978 507 2050 567 Ρ.
2088 486 2193 551 22.

448 576 790 642 bellonarii
836 577 901 642 οἱ
947 576 1504 663 θεοφορούμενοι.
1551 612 1640 621 -
1685 576 1723 640 l.
1761 595 1808 641 ο.
1842 597 1904 657 Ρ.
1943 575 2047 640 28.

448 662 814 731 defectarii²
861 667 1395 749 εἰσπηδησιῶνες.
1441 701 1531 711 -
1575 664 1614 728 l.
1652 684 1697 727 ο.
1727 686 1793 745 Ρ.
1833 664 1937 727 40.

447 755 685 821 delatio
733 754 1057 840 ἀναφορά.
1106 792 1191 801 -—
1239 755 1278 819 l.
1315 773 1364 818 ο.
1390 774 1462 835 Ρ.
1499 753 1606 817 42.

439 930 497 985 C.
535 931 659 985 EX
692 930 978 987 LIBRIS
1006 930 1133 985 DE
1171 928 1550 986 OMNIBVS
1587 930 1781 985 TRIB
1794 929 2107 985 VNALIB
2121 930 2222 985 VS.

448 1040 507 1104 4.
555 1040 591 1104 ὅ
629 1063 705 1123 γε
732 1042 866 1124 μὴν
898 1040 1278 1116 Οὐλπιανὸς
1531 1036 1848 1122 Ulpianus
1882 1041 2132 1121 quidem
2169 1041 2237 1104 in
2275 1040 2352 1103 li-

314 1128 390 1195 ἐν
469 1141 609 1206 τοῖς
693 1128 1280 1216 προγραφομένοις
1386 1128 1515 1194 bris
1577 1130 1687 1211 qui
1752 1129 2178 1194 inscribunbur
2243 1129 2352 1195 ‘de

312 1222 941 1305 προτριβουνοελίοις
977 1217 1277 1284 λεπτοτέ-
1387 1218 1672 1283 omm‘bus
1707 1217 2146 1283 tribunalibus’
2174 1238 2353 1283 accu-

312 1331 444 1393 ρως
496 1310 654 1385 τοὺς
707 1306 859 1394 περὶ
904 1319 1041 1373 τῶν
1084 1330 1278 1393 πραι-
1388 1308 1594 1372 ratius
1637 1308 1712 1372 de
1749 1307 2146 1390 praetoribus
2192 1313 2352 1373 brac-

275 1411 279 1415 '
310 1400 528 1475 τόρων
610 1396 919 1479 διεξῆλθε
1004 1400 1275 1481 λόγους,
1388 1398 1559 1479 tavit,
1605 1396 1762 1462 alios
1808 1396 2141 1479 tutelwriOS,
2189 1397 2351 1462 alios

314 1488 473 1561 τοὺς
518 1485 641 1565 μὲν
695 1486 1035 1550 tutelarios
1046 1535 1064 1568 ‚
1117 1488 1277 1561 τοὺς
1384 1486 1994 1568 fideicommissario-s·
2006 1485 2347 1568 appellans.

317 1572 391 1638 δὲ
435 1572 1067 1639 fideicommissarios
1125 1573 1276 1639 ὀνο-
1385 1595 1536 1657 quos
1588 1574 1770 1640 semel
1829 1581 2130 1640 cessantes
2187 1595 2351 1641 com-

312 1663 558 1745 μάζων·
632 1656 729 1727 ὧν
802 1661 971 1739 ἅπαξ
1043 1668 1276 1747 σχολα-
1386 1684 1728 1728 memorare
1771 1665 2107 1746 supersedi.

315 1753 561 1829 ζόντων
608 1752 690 1816 οὐ
747 1752 1064 1817 συνεῖδον
1117 1776 1274 1835 μνη·

314 1846 580 1923 σθῆναι.
653 1878 743 1886 -
810 1840 944 1906 ΙοῘι.
992 1841 1151 1924 Isyd.
1203 1842 1278 1906 de

312 1930 593 2011 mayisbr.
645 1930 701 2012 1,
738 1930 824 1995 48
884 1953 949 2013 Ρ.
987 1930 1094 2012 51,
1122 1930 1162 1995 8
1187 1951 1274 2012 sq.

311 2019 401 2082 ed.
461 2018 782 2085 Wuensch.

765 2195 832 2249 D.
871 2196 994 2250 EX
1028 2195 1313 2252 LIBRIS
1347 2195 1465 2250 AD
1502 2194 1901 2250 SABINVM.

445 2302 499 2368 5.
548 2302 902 2388 ³Ulpianus
956 2309 1175 2370 tamen
1230 2305 1310 2370 ad
1367 2302 1679 2369 Sabinum
1743 2304 2036 2369 futurum
2093 2304 2348 2369 ‘fruitu-

307 2392 477 2456 rum'
542 2392 732 2478 dixit,
796 2415 929 2459 non
992 2394 1421 2460 ‘fructurum’.
1498 2431 1581 2440 —
1656 2393 1976 2460 Priscian.
2038 2394 2138 2477 10,
2168 2395 2229 2477 2,
2263 2396 2345 2459 13

298 2501 370 2563 Ρ.
408 2480 540 2546 506
588 2482 801 2547 Hertz.

454 2678 506 2745 1)
542 2675 605 2729 id
639 2682 720 2731 est
752 2675 953 2729 fratres
994 2675 1231 2740 amales,
1270 2694 1308 2729 a
1342 2679 1636 2747 ylossatore
1671 2678 1815 2743 falso
1852 2677 2201 2745 explicatum.

307 2747 364 2816 2)
400 2747 464 2800 id
516 2753 595 2801 est
651 2747 1015 2800 ‘derectarii'.
1096 2750 1167 2815 cf.
1196 2765 1256 2816 Ρ.
1289 2753 1383 2801 44:
1443 2747 1787 2801 derecta-ius
1835 2747 1865 2802 ὁ
1913 2748 1992 2809 εἰς
2037 2747 2139 2811 τὰς
2187 2750 2342 2803 ἀλλο-

307 2814 465 2884 τρίας
520 2815 712 2873 ἕνεκεν
765 2826 865 2873 τοῦ
921 2816 1126 2887 κλέψαι
1181 2818 1562 2889 εἰσερχόμενος
1616 2817 1812 2881 οἰκίας.
1902 2821 2038 2902 Βίρ.
2078 2825 2165 2887 4¹1,
2196 2825 2281 2888 17,
2312 2826 2340 2873 ’7

303 2887 461 2957 (Ulp.
502 2895 659 2958 2226,
705 2889 852 2944 libro
898 2906 1046 2943 nono
1085 2890 1155 2944 de
1201 2889 1389 2945 officio
1441 2890 1838 2961 proconsulis):
1897 2908 1998 2960 qm
2045 2890 2344 2945 derectarii

303 2959 688 3029 appellantur,
724 2961 831 3014 hoc
868 2963 956 3015 est
986 2960 1065 3029 hi,
1104 2961 1202 3030 qui
1230 2961 1290 3013 in
1329 2961 1517 3015 aliena
1553 2961 1825 3017 cenacula
1863 2978 1922 3015 se
1961 2962 2217 3032 dirigunt
2252 2962 2343 3016 fu-

306 3031 473 3084 randi
511 3031 714 3086 animo.
870 3035 923 3101 3)
961 3033 1031 3099 cf.
1060 3034 1139 3087 D.
1175 3038 1224 3100 ’1,
1256 3040 1302 3099 1,
1337 3039 1505 3103 13Ρν.
1536 3034 1687 3103 (ΠΖΡ.
1711 3037 1888 3102 2582).
1929 3039 1979 3101 7,
2009 3039 2059 3101 9,
2091 3040 2155 3088 12
2186 3034 2339 3103 (Ucp.

303 3105 487 3173 2591).
551 3110 775 3173 uterque
811 3104 960 3159 locus
994 3105 1244 3173 sumptus
1272 3112 1351 3159 est
1385 3122 1453 3158 ex
1488 3106 1628 3160 libro
1658 3105 1895 3159 XVIII.
1954 3106 2028 3159 ad
2054 3104 2341 3160 Sabinum.

1126 3314 1519 3342 *-
