2650 3917
397 106 530 172 462
809 107 1100 163 VLPIANI
1133 106 1476 163 REGVLAE
1511 107 1640 163 XIV
1678 107 1911 162 l-XVI
1948 115 1998 162 1.

395 275 615 335 natam
630 269 653 306 ¹
690 275 756 335 et
801 292 965 353 quae
1011 267 1252 335 artem¹
1286 270 1600 335 ludicram
1644 271 1899 356 fecerit3
1951 270 2148 337 adicit
2193 270 2435 336 Mauri·

398 360 621 425 cianus
667 364 733 424 et
776 382 814 424 a
861 357 1125 425 senatu⁸
1162 359 1548 424 damnatam.

833 516 1000 589 [XIV.
1037 516 1136 571 DE
1172 516 1423 573 POENA
1459 517 1664 572 LEGIS
1699 516 1989 591 IVLIAE.]

528 608 576 673 1.
641 608 925 675 Feminis
989 608 1094 673 lex
1158 607 1324 674 Iulia
1388 632 1426 673 a
1491 614 1697 675 morte
1769 611 1896 675 uiri
1969 610 2123 673 anni
2194 608 2430 673 tribuit

396 698 815 782 uacationem,
861 720 900 762 a
946 698 1226 764 diuortio
1275 721 1387 763 sex
1432 721 1727 763 mensum
1736 697 1784 783 4,
1822 699 1928 764 lex
1973 703 2189 763 autem
2224 696 2431 782 Papia

396 809 434 850 a
479 792 685 853 morte
730 789 856 852 uiri
901 788 1165 873 biennii,
1211 811 1250 853 a
1292 789 1562 873 repudio
1614 790 1767 853 anni
1813 792 1907 886 et·
1926 811 2038 853 sex
2085 784 2430 853 mensum.⁴

1080 943 1221 1017 [xv.
1260 944 1359 998 DE
1396 943 1732 1017 onoma]
1772 999 1777 1004 ,

526 1036 574 1101 1.
621 1036 742 1101 Vir
779 1042 843 1102 et
879 1059 1044 1101 uxor
1081 1038 1249 1102 inter
1286 1060 1354 1102 se
1389 1037 1786 1102 matrimonii
1820 1038 2082 1103 nomine
2111 1037 2427 1101 decimam

395 1147 622 1212 capere
677 1132 967 1211 possunt.
1060 1126 1234 1210 quod
1289 1128 1345 1190 si
1400 1148 1479 1191 ex
1534 1127 1662 1192 alio
1717 1128 2130 1192 matrimonio
2182 1127 2425 1191 liberos

394 1214 772 1300 superstites
810 1216 1106 1297 habeant,
1141 1220 1396 1300 praeter
1434 1216 1763 1300 decimam,
1797 1238 1988 1299 quam
2025 1215 2425 1281 matrimonii

391 1306 651 1369 nomine
690 1307 970 1389 capiunt,
999 1305 1268 1370 totidem
1296 1303 1572 1370 decimas
1609 1328 1728 1390 pro
1764 1327 2033 1371 numero
2069 1299 2426 1370 liberorum

393 1394 735 1478 accipiunt.
828 1395 885 1458 2.
931 1392 1096 1459 Item
1143 1394 1507 1459 communis
1542 1393 1716 1458 filius
1761 1395 1978 1459 filiaue
2023 1399 2173 1478 post
2216 1394 2427 1458 nomi-

391 1505 545 1547 num
586 1483 755 1547 diem
793 1484 1066 1548 amissus
1104 1484 1417 1548 amissaue
1454 1506 1648 1549 unam
1687 1483 1997 1548 decimam
2034 1483 2255 1568 adicit3
2295 1484 2425 1549 duo

392 1576 606 1637 autem
691 1577 841 1656 post
920 1574 1255 1637 nominum
1329 1569 1537 1637 diem⁵
1607 1574 1829 1638 amissi
1911 1573 2069 1638 duas
2144 1573 2426 1638 decimas

391 1662 694 1726 adiciunt.
804 1662 857 1726 3.
922 1661 1186 1727 Praeter
1249 1662 1558 1727 decimam
1624 1663 1817 1726 etiam
1882 1684 2072 1727 usum
2136 1662 2426 1727 fructum

390 1751 616 1815 tertiae
688 1750 892 1835 partis
973 1753 1293 1816 bonorum
1378 1749 1612 1836 [eius]⁶
1684 1773 1910 1836 capere
1991 1755 2284 1835 possunt,
2357 1756 2427 1816 et

391 1839 775 1924 quandoque
828 1838 1068 1905 liberos
1121 1839 1493 1924 habuerint,
1539 1841 1820 1905 eiusdem
1878 1841 2083 1925 partis
2136 1843 2427 1925 proprie·

389 1934 608 1995 tatem.
673 1929 730 1994 4.
771 1928 914 1995 Ηο0
951 1929 1228 2015 amplius
1266 1929 1514 2013 mulier,
1542 1934 1798 2014 praeter
1835 1929 2166 2012 decimam,
2203 1929 2423 1995 dotem

389 2017 642 2101 capere⁷
679 2023 895 2102 potest
939 2019 1219 2105 legatam
1268 2018 1410 2082 sibi.

178 2183 279 2234 196
291 2195 375 2235 aa
390 2175 555 2246 [XVI.
577 2174 675 2229 DE
701 2175 935 2230 SOLIDI
953 2174 1404 2231 CAPAGITATE
1426 2177 1432 2249 Ι
1450 2176 1677 2231 INTER
1690 2176 1931 2232 VOEVM
1952 2176 2046 2230 ΕΤ
2067 2175 2425 2249 VXOREM]

521 2268 565 2331 l.
627 2266 996 2352 Aliquando
1052 2270 1157 2332 uir
1210 2272 1275 2332 et
1322 2290 1488 2332 uxor
1541 2268 1711 2333 inter
1755 2290 1821 2334 se
1869 2268 2148 2333 solidum
2194 2290 2425 2353 capere

386 2361 677 2440 possunt,
722 2358 904 2421 uelut
949 2359 1005 2422 si
1049 2361 1320 2440 uterque
1367 2357 1473 2422 uel
1518 2358 1826 2422 alteruter
1862 2379 2093 2424 eorum
2129 2358 2423 2423 nondum

533 2551 584 2618 1)
623 2550 894 2603 damnata
943 2550 1003 2603 V.
1148 2553 1202 2616 2)
1242 2554 1364 2605 arte
1412 2551 1473 2606 V.
1619 2553 1673 2621 3)
1711 2552 1939 2605 senatus
1988 2551 2050 2606 V.
2172 2552 2226 2620 4)
2262 2567 2427 2605 men-

386 2638 511 2675 sum
548 2622 892 2676 Lachmann.
949 2638 1168 2675 menses
1218 2624 1278 2677 V.
1496 2624 1549 2691 5)
1587 2622 1876 2675 nominum
1929 2622 2082 2676 diem
2119 2622 2425 2678 Meriuius.

383 2709 532 2746 110110
571 2693 662 2747 die
703 2694 762 2748 V.
818 2711 1025 2747 nonum
1057 2693 1207 2747 diem
1243 2694 1490 2760 defendit
1517 2695 1822 2748 Mommsen
1848 2693 2083 2749 Staatsr.
2110 2693 2202 2759 111,
2222 2699 2351 2762 202,
2372 2700 2427 2749 2.

382 2764 477 2819 sed
530 2766 600 2831 cf.
641 2766 727 2819 lex
784 2767 992 2819 Malae.
1046 2782 1087 2819 c.
1129 2771 1196 2819 56
1243 2766 1460 2834 (Bruns
1495 2764 1564 2830 1⁶,
1595 2767 1736 2834 149).
1918 2767 1971 2833 6)
2009 2766 2111 2820 del.
2151 2763 2422 2837 Krueqer.

385 2853 415 2889 e
451 2837 793 2890 testamento
831 2837 1173 2891 Lachmann.
1236 2836 1326 2889 uir
1363 2838 1421 2889 et
1465 2852 1604 2889 uxor
1649 2838 1766 2891 Ha.
1823 2837 2087 2907 coniuges
2132 2836 2426 2908 Schminq.

388 2908 439 2975 ⁷)
475 2909 653 2976 suppl.
692 2908 973 2978 Schilliny.
2234 2936 2244 2946 ·

526 3066 636 3120 Tit.
674 3066 792 3120 XV.
841 3072 872 3132 5
911 3071 959 3119 2.
1008 3067 1297 3120 nominum
1346 3067 1519 3139 diem]
1575 3069 1644 3135 cf.
1687 3068 1833 3124 Fest.
1871 3086 1919 3122 v.
1959 3069 2174 3124 lusu-ici
2198 3086 2261 3137 p.
2294 3074 2423 3124 120.

387 3139 635 3192 Mac-rob.
675 3138 791 3193 Sat.
832 3145 881 3203 1,
912 3143 996 3204 16,
1027 3142 1111 3191 36.
1179 3139 1464 3193 Plutarch.
1493 3146 1695 3208 quaest.
1727 3140 1883 3195 Rom.
1911 3144 2029 3195 102.
2089 3141 2173 3195 lex
2202 3141 2424 3197 Malae.

384 3214 452 3263 56
492 3209 708 3277 (Bo-ems
743 3208 816 3276 1⁶,
843 3211 982 3277 149).

526 3279 635 3334 Tit.
674 3280 817 3334 XVI.
876 3286 905 3345 ς
947 3287 993 3334 1.
1042 3282 1111 3347 cf.
1149 3283 1227 3336 D.
1278 3288 1327 3350 1,
1359 3287 1444 3348 16,
1473 3287 1524 3349 4,
1553 3287 1585 3335 2
1625 3284 1776 3352 (Uip.
1817 3286 1993 3349 2142).
2050 3288 2102 3351 4,
2132 3289 2182 3352 6,
2212 3289 2309 3349 ⁸6³
2349 3288 2424 3339 as

384 3350 910 3419 (Ulp.2006.200·z).
969 3357 1019 3419 4,
1051 3357 1101 3418 6,
1131 3357 1225 3418 353
1257 3358 1322 3406 37
1365 3355 1700 3421 (Panassa.
1733 3356 1870 3423 940).
1936 3356 2226 3410 Paeana.
2256 3360 2422 3422 s,33.

384 3420 561 3475 Senec.
610 3424 674 3475 in
709 3422 868 3476 libris
920 3424 1147 3477 moralis
1190 3426 1570 3493 philosophiae
1624 3427 1778 3495 apud
1823 3427 2084 3482 Laetant.
2128 3428 2257 3482 inst.
2304 3428 2422 3483 div.

386 3498 435 3557 1,
456 3495 542 3557 16,
564 3496 645 3545 10.
710 3493 930 3546 Tertull.
964 3496 1107 3560 apol.
1138 3500 1188 3547 4.
1236 3497 1301 3549 de
1335 3512 1547 3567 monoy.
1575 3502 1659 3550 16.
1715 3498 1921 3553 Sozam.
1958 3500 2083 3554 hist.
2121 3499 2243 3554 eccl.
2287 3505 2336 3565 1,
2364 3504 2421 3554 9.

2472 3545 2575 3877 ‚1
