2650 3917
953 146 1009 202 O.
1048 147 1309 202 ATEIVS
1350 147 1627 204 CAPITO.
2202 149 2287 213 69

252 310 363 374 ubi
378 308 400 346 ¹
420 310 762 374 dumtaxat
789 313 978 374 uacat
1005 311 1187 375 uitio.
1234 311 1439 397 igitur
1461 312 1719 376 silentio
1743 334 2005 398 surgere
2034 334 2178 376 cum
2197 312 2288 376 di-

250 399 439 484 citur,
459 399 788 484 significat
814 421 948 463 non
967 400 1384 486 interpellari,
1400 424 1528 485 quo
1553 402 1768 466 minus
1787 423 1925 466 rem
1950 405 2149 488 gerat.
2187 399 2292 465 at²

252 488 619 572 sinistrum,
670 487 919 552 hortari
965 511 1221 573 quoque
1272 491 1559 574 auspicia
1604 491 1684 555 ad
1730 491 2075 577 agendum,
2118 490 2290 574 quod

250 578 470 642 animo
519 577 666 660 quis
713 579 1140 661 proposuerit.
1187 617 1275 625 —
1320 581 1485 644 Fest.
1532 602 1585 644 v.
1632 583 1962 646 sinisbrum
1987 602 2056 662 p.
2092 579 2239 645 351.

385 666 474 731 21.
525 665 797 731 Stellam
844 667 1210 752 significare
1258 669 1349 732 ait
1386 666 1618 733 Ateius
1660 668 1888 753 Capito
1935 668 2184 733 laetum⁴
2224 672 2287 732 et
2345 696 2367 736 5

249 777 654 840 prosperum,
702 756 1154 820 auctoritatem
1204 760 1460 821 secutus
1499 756 1568 822 P.
1609 756 1867 822 Seruilii
1906 758 2189 843 auguris,
2217 758 2289 822 ob

249 845 538 929 stellam,
586 866 749 928 quae
795 866 875 908 ex
920 843 1216 909 lamella³
1260 868 1444 910 aerea
1490 845 1809 912 adsimili4
1859 846 2083 911 stellae
2128 845 2287 911 locis

248 934 658 1018 inauguratis
704 934 1031 1019 infigatur.
1077 973 1166 981 —
1209 935 1378 1002 Fest.
1422 958 1477 1001 v.
1522 937 1765 1002 stellam
1803 959 1868 1019 p.
1908 927 2056 1001 351.

386 1022 485 1088 22.
535 1022 765 1087 Ateius
807 1021 1054 1109 Capito,
1092 1024 1339 1107 publici
1376 1026 1742 1109 priuatique
1780 1026 1939 1090 iuris
1976 1025 2289 1110 peritissi-

249 1134 415 1194 mae,
463 1111 623 1195 quid
666 1110 773 1176 lex
817 1116 1002 1196 esset,
1048 1112 1227 1178 hisce
1285 1114 1505 1179 uerbis
1560 1115 1880 1179 defininit:
1938 1114 2138 1197 ε11618,
2193 1115 2288 1177 111-
2319 1141 2369 1180 ιο

253 1202 418 1286 quit,
468 1202 592 1265 ‘est
638 1200 933 1285 generale
996 1202 1242 1267 iussum
1291 1204 1520 1287 populi
1579 1207 1693 1268 aut
1745 1202 1953 1289 plebis
2019 1207 2290 1288 rogante

247 1290 682 1376 magistratu’.
730 1327 820 1336 —
872 1290 1028 1356 Gell.
1071 1291 1172 1373 10,
1211 1292 1316 1377 20,
1356 1293 1414 1356 2.

389 1379 487 1443 23.
535 1377 801 1442 Plebem
848 1384 1064 1445 autem
1114 1378 1344 1465 Capito
1390 1383 1459 1445 in
1504 1382 1725 1446 eadem
1781 1382 2153 1446 definitione
2200 1403 2290 1445 se-

255 1491 482 1534 orsum
542 1490 582 1531 a
644 1467 890 1552 populo
958 1468 1205 1548 diuisit,
1272 1472 1577 1554 quoniam
1640 1472 1711 1536 in
1774 1472 2014 1555 populo
2081 1471 2289 1536 omnis

243 1580 397 1643 pars
473 1557 764 1622 ciuitatis
848 1554 1212 1643 omnesque‘
1270 1560 1407 1624 eius
1483 1561 1739 1624 ordines
1816 1560 2286 1642 contineantur,
2316 1586 2366 1626 15

246 1647 473 1733 plebes
520 1668 677 1711 uero
716 1668 792 1711 ea
839 1647 1108 1731 dicatur,
1153 1648 1221 1712 in
1261 1671 1388 1732 qua
1427 1653 1649 1735 gentes
1696 1650 1935 1714 ciuium
1984 1649 2292 1733 patriciae

241 1759 381 1802 non
428 1732 710 1801 insunt.⁵
800 1735 1012 1820 plebis
1059 1738 1291 1802 scitum
1349 1738 1550 1823 igitur
1602 1741 1699 1801 est
1746 1738 2095 1803 secundum
2143 1759 2289 1802 eum

250 1825 637 1911 Capitonem
683 1824 815 1908 lex,
862 1848 1056 1910 quam
1102 1827 1352 1910 plebes,
1403 1849 1535 1891 11011
1580 1827 1857 1911 populus
1905 1827 2155 1911 accipit.
2202 1865 2290 1873 —

254 1916 412 1983 Gall.
458 1915 562 1997 10,
602 1915 708 1997 20,
745 1916 804 1980 5.
844 1914 903 1979 6.

382 2005 484 2069 24.
536 2003 792 2081 Quanto
840 2026 1032 2089 opere
1079 2009 1294 2069 autem
1343 2026 1531 2068 curae
1576 2005 1790 2087 fuerit,
1838 2027 1917 2069 ne
1961 2005 2107 2088 quis
2153 2005 2289 2068 uio·
2318 2032 2370 2071 20

245 2094 381 2158 lare
430 2095 664 2158 ductus
712 2115 1029 2177 aquamue
1073 2116 1207 2159 non
1253 2115 1617 2159 concessam
1665 2095 1955 2159 deriuare
2013 2093 2291 2177 auderet,

247 2206 394 2248 cum
444 2205 527 2247 ex
572 2183 796 2248 multis
844 2182 1151 2268 adparere
1196 2188 1416 2267 potest
1460 2189 1597 2248 tum
1634 2205 1724 2264 ex
1762 2183 1912 2265 hoc,
1962 2182 2289 2267 quodcir-

248 2295 362 2338 cus
423 2272 746 2337 maximus
802 2294 883 2336 ne
939 2272 1163 2336 diebus
1220 2273 1480 2356 quidem
1546 2272 1843 2338 ludorum
1909 2273 2290 2337 circensium

247 2362 378 2426 nisi
417 2361 727 2425 aedilium
763 2364 877 2426 aut
916 2382 1253 2426 censorum
1290 2362 1612 2447 permissu
1650 2362 2078 2448 inrigabatur:
2119 2362 2293 2446 quod

249 2451 526 2531 durasse⁷
553 2450 768 2532 etiam,
805 2455 1150 2534 postquam
1188 2472 1291 2515 res
1340 2451 1420 2515 ad
1467 2455 1794 2515 curatores
1841 2451 2117 2535 transiit,
2165 2452 2284 2515 sub
2317 2476 2368 2515 25

245 2541 553 2627 Augusto
591 2542 760 2692 §.put
805 2539 1069 2605 Ateium
1107 2538 1488 2625 Capitonem
1533 2541 1823 2625 legimus.
1860 2578 1950 2587 —
1995 2540 2289 2606 Frontin.

244 2631 323 2694 de
493 2631 555 2694 is
682 2678 695 2692 .

365 2651 495 2783 (2ἓῖ
530 2717 623 2782 At
672 2715 901 2802 Capito
957 2716 1186 2782 Ateius
1242 2718 1309 2782 in
1377 2718 1597 2783 eadem
1663 2719 1921 2802 quidem
1987 2718 2290 2802 opinione

247 2812 364 2892 est,
413 2807 526 2872 sed
575 2807 868 2890 exemplo
928 2807 1191 2871 adiuuat
1246 2808 1862 2891 interpretationem.
1958 2806 2165 2872 ‘nam7
2222 2808 2291 2870 in

247 2897 532 2962 secunda
602 2895 825 2960 tabula
888 2896 1165 2961 secunda
1227 2897 1399 2982 lege,
1473 2898 1539 2960 in
1606 2919 1733 2980 qua
1797 2897 2107 2981 scriptum
2165 2901 2288 2961 est:
2318 2923 2370 2962 30

247 2984 470 3062 “Quid
526 2984 759 3049 horum
813 2986 941 3049 fuit
1004 3007 1206 3050 unum
1272 2986 1469 3050 iudici
1534 2986 1861 3051 arbitroue
1925 3007 2148 3071 reoue,
2213 3009 2289 3052 eo

252 3075 387 3140 dies
426 3073 759 3139 diffissus⁸
795 3076 1003 3139 esto’'.
1095 3073 1239 3139 hic⁹
1274 3079 1566 3158 uterque,
1603 3081 1785 3140 actor
1820 3097 2095 3159 reusque
2108 3074 2175 3160 ¹⁰,
2220 3076 2290 3140 in

394 3253 446 3320 1)
486 3249 627 3304 dubi
665 3250 779 3305 cod.
892 3252 946 3320 2)
984 3250 1057 3303 ad
1095 3251 1208 3305 cod.
1330 3252 1384 3318 3)
1421 3249 1654 3304 tamella
1690 3251 1806 3306 cod.
1920 3253 1975 3321 4)
2015 3251 2290 3305 adsimilis

247 3323 362 3378 cod.
476 3325 532 3392 5)
570 3322 640 3389 cf.
676 3322 802 3377 Gai.
837 3328 886 3388 1,
916 3327 965 3375 3.
1078 3323 1130 3391 6)
1168 3323 1235 3389 cf.
1265 3338 1309 3375 c.
1345 3326 1464 3388 102,
1492 3323 1592 3376 ubi
1621 3322 1816 3391 Capito
1844 3323 1989 3377 inter
2016 3330 2292 3378 curatores

249 3411 526 3478 aquarum
562 3400 931 3449 enumeratur.
1067 3395 1119 3463 7)
1155 3391 1344 3446 Numa
1380 3394 1494 3448 cod.
1634 3397 1687 3463 8)
1727 3393 1846 3447 dies
1887 3393 2158 3465 diffissus]
2197 3394 2291 3450 die

248 3464 676 3592 diffemscgdod.
824 3469 877 3532 9)
915 3481 1065 3519 nunc
1116 3466 1228 3519 cod.
1379 3467 1466 3534 10)
1506 3467 1662 3519 actor
1714 3466 1978 3537 reusque]
2036 3467 2288 3519 actorum

247 3553 476 3606 relquae
620 3579 631 3591 .
1464 3578 1468 3584 ,
