<?xml version="1.0" encoding="UTF-8"?>
<!DOCTYPE html PUBLIC "-//W3C//DTD XHTML 1.0 Transitional//EN"
    "http://www.w3.org/TR/xhtml1/DTD/xhtml1-transitional.dtd">
<html xmlns="http://www.w3.org/1999/xhtml" xml:lang="en" lang="en">
 <head>
  <title>
</title>
<meta http-equiv="Content-Type" content="text/html;charset=utf-8" />
  <meta name='ocr-system' content='tesseract 3.04.00' />
  <meta name='ocr-capabilities' content='ocr_page ocr_carea ocr_par ocr_line ocrx_word'/>
</head>
<body>
  <div class='ocr_page' id='page_1' title='image "./ivrisprvdentiae00kbgoog/ivrisprvdentiae00kbgoog_0040.png"; bbox 0 0 2650 3917; ppageno 0'>
   <div class='ocr_carea' id='block_1_1' title="bbox 371 130 1678 195">
    <p class='ocr_par' dir='ltr' id='par_1_1' title="bbox 371 130 1678 195">
     <span class='ocr_line' id='line_1_1' title="bbox 371 130 1678 195; baseline -0.007 0"><span class='ocrx_word' id='word_1_1' title='bbox 371 133 415 195; x_wconf 91' lang='lat'>4</span> <span class='ocrx_word' id='word_1_2' title='bbox 1103 131 1363 187; x_wconf 85' lang='lat' dir='ltr'><strong>FABIVS</strong></span> <span class='ocrx_word' id='word_1_3' title='bbox 1399 130 1678 186; x_wconf 86' lang='lat' dir='ltr'>PICTOR.</span> 
     </span>
    </p>
   </div>
   <div class='ocr_carea' id='block_1_2' title="bbox 294 294 2423 3052">
    <p class='ocr_par' dir='ltr' id='par_1_2' title="bbox 318 294 2410 1096">
     <span class='ocr_line' id='line_1_2' title="bbox 369 294 2406 380; baseline -0.001 -19"><span class='ocrx_word' id='word_1_4' title='bbox 369 319 505 361; x_wconf 88' lang='lat' dir='ltr'>rem</span> <span class='ocrx_word' id='word_1_5' title='bbox 544 298 600 361; x_wconf 92' lang='lat' dir='ltr'>si</span> <span class='ocrx_word' id='word_1_6' title='bbox 638 296 875 380; x_wconf 88' lang='lat' dir='ltr'>amisit,</span> <span class='ocrx_word' id='word_1_7' title='bbox 909 297 1216 361; x_wconf 91' lang='lat' dir='ltr'>flamonio</span> <span class='ocrx_word' id='word_1_8' title='bbox 1256 295 1522 360; x_wconf 88' lang='lat' dir='ltr'>decedit.</span> <span class='ocrx_word' id='word_1_9' title='bbox 1596 295 2080 359; x_wconf 77' lang='lat' dir='ltr'>matrimonium</span> <span class='ocrx_word' id='word_1_10' title='bbox 2126 294 2406 359; x_wconf 85' lang='lat' dir='ltr'>flaminis</span> 
     </span>
     <span class='ocr_line' id='line_1_3' title="bbox 367 384 2404 468; baseline -0.001 -18"><span class='ocrx_word' id='word_1_11' title='bbox 367 386 498 451; x_wconf 86' lang='lat' dir='ltr'>nisi</span> <span class='ocrx_word' id='word_1_12' title='bbox 544 390 754 451; x_wconf 89' lang='lat' dir='ltr'>morte</span> <span class='ocrx_word' id='word_1_13' title='bbox 800 385 1018 449; x_wconf 87' lang='lat' dir='ltr'>dirimi</span> <span class='ocrx_word' id='word_1_14' title='bbox 1063 384 1164 449; x_wconf 85' lang='lat' dir='ltr'>ius</span> <span class='ocrx_word' id='word_1_15' title='bbox 1211 406 1343 449; x_wconf 89' lang='lat' dir='ltr'>non</span> <span class='ocrx_word' id='word_1_16' title='bbox 1391 387 1504 448; x_wconf 88' lang='lat' dir='ltr'>est.</span> <span class='ocrx_word' id='word_1_17' title='bbox 1569 385 1804 467; x_wconf 91' lang='lat' dir='ltr'>locum,</span> <span class='ocrx_word' id='word_1_18' title='bbox 1850 385 1921 448; x_wconf 86' lang='lat' dir='ltr'>in</span> <span class='ocrx_word' id='word_1_19' title='bbox 1966 405 2094 468; x_wconf 89' lang='lat' dir='ltr'>quo</span> <span class='ocrx_word' id='word_1_20' title='bbox 2140 384 2404 448; x_wconf 85' lang='lat' dir='ltr'>bustum</span> 
     </span>
     <span class='ocr_line' id='line_1_4' title="bbox 370 472 2406 559; baseline -0.002 -19"><span class='ocrx_word' id='word_1_21' title='bbox 370 478 486 559; x_wconf 84' lang='lat' dir='ltr'>est,</span> <span class='ocrx_word' id='word_1_22' title='bbox 521 497 874 559; x_wconf 83' lang='lat' dir='ltr'>numquam</span> <span class='ocrx_word' id='word_1_23' title='bbox 911 474 1286 559; x_wconf 83' lang='lat' dir='ltr'>ingreditur.</span> <span class='ocrx_word' id='word_1_24' title='bbox 1361 477 1688 538; x_wconf 89' lang='lat' dir='ltr'>mortuum</span> <span class='ocrx_word' id='word_1_25' title='bbox 1724 495 2076 557; x_wconf 82' lang='lat' dir='ltr'>numquam</span> <span class='ocrx_word' id='word_1_26' title='bbox 2112 472 2406 559; x_wconf 82' lang='lat' dir='ltr'>attingit3</span> 
     </span>
     <span class='ocr_line' id='line_1_5' title="bbox 369 562 2408 649; baseline -0.001 -21"><span class='ocrx_word' id='word_1_27' title='bbox 369 564 563 629; x_wconf 87' lang='lat' dir='ltr'>funus</span> <span class='ocrx_word' id='word_1_28' title='bbox 618 568 835 628; x_wconf 89' lang='lat' dir='ltr'>tamen</span> <span class='ocrx_word' id='word_1_29' title='bbox 889 564 1154 648; x_wconf 81' lang='lat' dir='ltr'>exsequi</span> <span class='ocrx_word' id='word_1_30' title='bbox 1208 585 1341 627; x_wconf 91' lang='lat' dir='ltr'>non</span> <span class='ocrx_word' id='word_1_31' title='bbox 1396 565 1495 627; x_wconf 86' lang='lat' dir='ltr'>est</span> <span class='ocrx_word' id='word_1_32' title='bbox 1557 563 1804 649; x_wconf 85' lang='lat' dir='ltr'>religio.</span> <span class='ocrx_word' id='word_1_33' title='bbox 1897 562 2153 627; x_wconf 87' lang='lat' dir='ltr'>eaedem</span> <span class='ocrx_word' id='word_1_34' title='bbox 2205 563 2408 626; x_wconf 88' lang='lat' dir='ltr'>ferme</span> 
     </span>
     <span class='ocr_line' id='line_1_6' title="bbox 318 649 2410 718; baseline -0.002 0"><span class='ocrx_word' id='word_1_35' title='bbox 318 677 343 718; x_wconf 76' lang='lat'><strong>5</strong></span> <span class='ocrx_word' id='word_1_36' title='bbox 371 653 796 718; x_wconf 80' lang='lat' dir='ltr'>caerimoniae</span> <span class='ocrx_word' id='word_1_37' title='bbox 866 657 1017 718; x_wconf 86' lang='lat' dir='ltr'>sunt</span> <span class='ocrx_word' id='word_1_38' title='bbox 1075 652 1434 717; x_wconf 88' lang='lat' dir='ltr'>flaminicae</span> <span class='ocrx_word' id='word_1_39' title='bbox 1492 650 1715 715; x_wconf 79' lang='lat' dir='ltr'>Dialis.</span> <span class='ocrx_word' id='word_1_40' title='bbox 1807 651 2007 718; x_wconf 78' lang='grc' dir='ltr'>αῐίαε1</span> <span class='ocrx_word' id='word_1_41' title='bbox 2082 649 2410 716; x_wconf 76' lang='lat' dir='ltr'>seorsum²</span> 
     </span>
     <span class='ocr_line' id='line_1_7' title="bbox 371 740 2410 826; baseline -0.001 -20"><span class='ocrx_word' id='word_1_42' title='bbox 371 743 553 808; x_wconf 89' lang='lat' dir='ltr'>aiunt</span> <span class='ocrx_word' id='word_1_43' title='bbox 610 741 1034 826; x_wconf 88' lang='lat' dir='ltr'>obseruitare,</span> <span class='ocrx_word' id='word_1_44' title='bbox 1086 741 1295 806; x_wconf 90' lang='lat' dir='ltr'>ueluti</span> <span class='ocrx_word' id='word_1_45' title='bbox 1349 745 1471 806; x_wconf 85' lang='lat' dir='ltr'>est:</span> <span class='ocrx_word' id='word_1_46' title='bbox 1530 740 1702 825; x_wconf 92' lang='lat' dir='ltr'>quod</span> <span class='ocrx_word' id='word_1_47' title='bbox 1757 744 2073 806; x_wconf 87' lang='lat' dir='ltr'>uenenato</span> <span class='ocrx_word' id='word_1_48' title='bbox 2121 742 2410 823; x_wconf 88' lang='lat' dir='ltr'>operitur</span> 
     </span>
     <span class='ocr_line' id='line_1_8' title="bbox 372 829 2408 916; baseline -0.001 -19"><span class='ocrx_word' id='word_1_49' title='bbox 372 836 436 897; x_wconf 89' lang='lat' dir='ltr'>et</span> <span class='ocrx_word' id='word_1_50' title='bbox 498 832 673 916; x_wconf 89' lang='lat' dir='ltr'>quod</span> <span class='ocrx_word' id='word_1_51' title='bbox 730 831 799 896; x_wconf 91' lang='lat' dir='ltr'>in</span> <span class='ocrx_word' id='word_1_52' title='bbox 859 832 992 895; x_wconf 89' lang='lat' dir='ltr'>rica</span> <span class='ocrx_word' id='word_1_53' title='bbox 1052 832 1382 896; x_wconf 85' lang='lat' dir='ltr'>surculum</span> <span class='ocrx_word' id='word_1_54' title='bbox 1444 830 1521 894; x_wconf 89' lang='lat' dir='ltr'>de</span> <span class='ocrx_word' id='word_1_55' title='bbox 1581 829 1809 895; x_wconf 88' lang='lat' dir='ltr'>arbore</span> <span class='ocrx_word' id='word_1_56' title='bbox 1862 830 2038 894; x_wconf 86' lang='lat' dir='ltr'>felici</span> <span class='ocrx_word' id='word_1_57' title='bbox 2090 830 2288 894; x_wconf 88' lang='lat' dir='ltr'>habet</span> <span class='ocrx_word' id='word_1_58' title='bbox 2343 833 2408 894; x_wconf 91' lang='lat' dir='ltr'>et</span> 
     </span>
     <span class='ocr_line' id='line_1_9' title="bbox 373 917 2407 1005; baseline -0.001 -20"><span class='ocrx_word' id='word_1_59' title='bbox 373 921 546 1004; x_wconf 91' lang='lat' dir='ltr'>quod</span> <span class='ocrx_word' id='word_1_60' title='bbox 611 922 812 986; x_wconf 88' lang='lat' dir='ltr'>scalas</span> <span class='ocrx_word' id='word_1_61' title='bbox 867 922 998 985; x_wconf 79' lang='lat' dir='ltr'>nisi</span> <span class='ocrx_word' id='word_1_62' title='bbox 1064 941 1227 1005; x_wconf 88' lang='lat' dir='ltr'>quae</span> <span class='ocrx_word' id='word_1_63' title='bbox 1274 917 1548 985; x_wconf 81' lang='lat' dir='ltr'>Graecae</span> <span class='ocrx_word' id='word_1_64' title='bbox 1596 919 2022 1004; x_wconf 86' lang='lat' dir='ltr'>appellantur,</span> <span class='ocrx_word' id='word_1_65' title='bbox 2071 920 2407 985; x_wconf 80' lang='lat' dir='ltr'>escendere</span> 
     </span>
     <span class='ocr_line' id='line_1_10' title="bbox 373 1008 2407 1096; baseline -0.001 -22"><span class='ocrx_word' id='word_1_66' title='bbox 373 1012 431 1074; x_wconf 93' lang='lat' dir='ltr'>ei</span> <span class='ocrx_word' id='word_1_67' title='bbox 487 1011 635 1093; x_wconf 83' lang='lat' dir='ltr'>plus</span> <span class='ocrx_word' id='word_1_68' title='bbox 692 1010 900 1075; x_wconf 87' lang='lat' dir='ltr'>tribus</span> <span class='ocrx_word' id='word_1_69' title='bbox 958 1009 1266 1096; x_wconf 85' lang='lat' dir='ltr'>gradibus</span> <span class='ocrx_word' id='word_1_70' title='bbox 1321 1008 1699 1094; x_wconf 84' lang='lat' dir='ltr'>religiosum</span> <span class='ocrx_word' id='word_1_71' title='bbox 1756 1011 1880 1092; x_wconf 89' lang='lat' dir='ltr'>est,</span> <span class='ocrx_word' id='word_1_72' title='bbox 1940 1012 2134 1093; x_wconf 89' lang='lat' dir='ltr'>atque</span> <span class='ocrx_word' id='word_1_73' title='bbox 2194 1010 2407 1091; x_wconf 89' lang='lat' dir='ltr'>etiam,</span> 
     </span>
    </p>

    <p class='ocr_par' dir='ltr' id='par_1_3' title="bbox 294 1097 2409 1272">
     <span class='ocr_line' id='line_1_11' title="bbox 294 1097 2409 1185; baseline -0.001 -21"><span class='ocrx_word' id='word_1_74' title='bbox 294 1124 345 1166; x_wconf 81' lang='grc' dir='ltr'>ιο</span> <span class='ocrx_word' id='word_1_75' title='bbox 373 1120 519 1163; x_wconf 88' lang='lat' dir='ltr'>cum</span> <span class='ocrx_word' id='word_1_76' title='bbox 585 1100 638 1163; x_wconf 90' lang='lat' dir='ltr'>it</span> <span class='ocrx_word' id='word_1_77' title='bbox 698 1099 778 1163; x_wconf 89' lang='lat' dir='ltr'>ad</span> <span class='ocrx_word' id='word_1_78' title='bbox 837 1097 1114 1185; x_wconf 87' lang='lat' dir='ltr'>Argeos,</span> <span class='ocrx_word' id='word_1_79' title='bbox 1175 1098 1350 1183; x_wconf 89' lang='lat' dir='ltr'>quod</span> <span class='ocrx_word' id='word_1_80' title='bbox 1408 1119 1615 1181; x_wconf 92' lang='lat' dir='ltr'>neque</span> <span class='ocrx_word' id='word_1_81' title='bbox 1682 1098 1881 1163; x_wconf 92' lang='lat' dir='ltr'>comit</span> <span class='ocrx_word' id='word_1_82' title='bbox 1945 1101 2140 1182; x_wconf 87' lang='lat' dir='ltr'>caput</span> <span class='ocrx_word' id='word_1_83' title='bbox 2199 1119 2409 1181; x_wconf 86' lang='lat' dir='ltr'>neque</span> 
     </span>
     <span class='ocr_line' id='line_1_12' title="bbox 374 1186 1896 1272; baseline -0.001 -21"><span class='ocrx_word' id='word_1_84' title='bbox 374 1186 680 1272; x_wconf 89' lang='lat' dir='ltr'>capillum</span> <span class='ocrx_word' id='word_1_85' title='bbox 729 1188 1024 1272; x_wconf 86' lang='lat' dir='ltr'>depectit.</span> <span class='ocrx_word' id='word_1_86' title='bbox 1057 1226 1141 1234; x_wconf 95' lang='lat'><strong>—</strong></span> <span class='ocrx_word' id='word_1_87' title='bbox 1186 1187 1341 1252; x_wconf 78' lang='lat' dir='ltr'>Gell.</span> <span class='ocrx_word' id='word_1_88' title='bbox 1385 1187 1487 1268; x_wconf 88' lang='lat'>10,</span> <span class='ocrx_word' id='word_1_89' title='bbox 1530 1186 1630 1270; x_wconf 85' lang='lat'>15,</span> <span class='ocrx_word' id='word_1_90' title='bbox 1664 1186 1896 1250; x_wconf 83' lang='lat'>1—30.</span> 
     </span>
    </p>

    <p class='ocr_par' dir='ltr' id='par_1_4' title="bbox 373 1275 2411 1540">
     <span class='ocr_line' id='line_1_13' title="bbox 506 1275 2411 1361; baseline 0 -20"><span class='ocrx_word' id='word_1_91' title='bbox 506 1278 565 1342; x_wconf 88' lang='lat'>4.</span> <span class='ocrx_word' id='word_1_92' title='bbox 612 1275 689 1341; x_wconf 88' lang='lat' dir='ltr'>In</span> <span class='ocrx_word' id='word_1_93' title='bbox 731 1276 901 1342; x_wconf 88' lang='lat' dir='ltr'>libro</span> <span class='ocrx_word' id='word_1_94' title='bbox 946 1277 1157 1361; x_wconf 86' lang='lat' dir='ltr'>primo</span> <span class='ocrx_word' id='word_1_95' title='bbox 1205 1276 1391 1341; x_wconf 88' lang='lat' dir='ltr'>Fabii</span> <span class='ocrx_word' id='word_1_96' title='bbox 1428 1275 1724 1360; x_wconf 73' lang='lat' dir='ltr'>PictoriS,</span> <span class='ocrx_word' id='word_1_97' title='bbox 1761 1297 1925 1361; x_wconf 89' lang='lat' dir='ltr'>quae</span> <span class='ocrx_word' id='word_1_98' title='bbox 1961 1275 2159 1340; x_wconf 90' lang='lat' dir='ltr'>uerba</span> <span class='ocrx_word' id='word_1_99' title='bbox 2195 1278 2411 1359; x_wconf 90' lang='lat' dir='ltr'>ponti-</span> 
     </span>
     <span class='ocr_line' id='line_1_14' title="bbox 373 1365 2410 1450; baseline 0 -21"><span class='ocrx_word' id='word_1_100' title='bbox 373 1367 559 1430; x_wconf 90' lang='lat' dir='ltr'>ficem</span> <span class='ocrx_word' id='word_1_101' title='bbox 607 1369 957 1431; x_wconf 78' lang='lat' dir='ltr'>maximum</span> <span class='ocrx_word' id='word_1_102' title='bbox 1005 1366 1213 1430; x_wconf 88' lang='lat' dir='ltr'>dicere</span> <span class='ocrx_word' id='word_1_103' title='bbox 1261 1369 1574 1449; x_wconf 79' lang='lat' dir='ltr'>oporteat,</span> <span class='ocrx_word' id='word_1_104' title='bbox 1621 1386 1768 1429; x_wconf 91' lang='lat' dir='ltr'>cum</span> <span class='ocrx_word' id='word_1_105' title='bbox 1814 1365 2137 1450; x_wconf 85' lang='lat' dir='ltr'>uirginem</span> <span class='ocrx_word' id='word_1_106' title='bbox 2179 1367 2410 1449; x_wconf 85' lang='lat' dir='ltr'>capiat,</span> 
     </span>
     <span class='ocr_line' id='line_1_15' title="bbox 375 1453 2409 1540; baseline -0 -20"><span class='ocrx_word' id='word_1_107' title='bbox 375 1455 692 1540; x_wconf 86' lang='lat' dir='ltr'>scriptum</span> <span class='ocrx_word' id='word_1_108' title='bbox 739 1458 854 1520; x_wconf 91' lang='lat' dir='ltr'>est.</span> <span class='ocrx_word' id='word_1_109' title='bbox 924 1477 999 1519; x_wconf 88' lang='lat' dir='ltr'>ea</span> <span class='ocrx_word' id='word_1_110' title='bbox 1043 1454 1243 1518; x_wconf 88' lang='lat' dir='ltr'>uerba</span> <span class='ocrx_word' id='word_1_111' title='bbox 1287 1455 1448 1519; x_wconf 90' lang='lat' dir='ltr'>haec</span> <span class='ocrx_word' id='word_1_112' title='bbox 1494 1458 1671 1519; x_wconf 84' lang='lat' dir='ltr'>sunt:</span> <span class='ocrx_word' id='word_1_113' title='bbox 1720 1453 2154 1519; x_wconf 75' lang='lat' dir='ltr'>‘Sacerdotem</span> <span class='ocrx_word' id='word_1_114' title='bbox 2182 1453 2409 1519; x_wconf 87' lang='lat' dir='ltr'>Vesta-</span> 
     </span>
    </p>

    <p class='ocr_par' dir='ltr' id='par_1_5' title="bbox 295 1542 2416 2519">
     <span class='ocr_line' id='line_1_16' title="bbox 295 1542 2411 1629; baseline -0 -21"><span class='ocrx_word' id='word_1_115' title='bbox 295 1568 346 1608; x_wconf 80' lang='lat'>1⁶</span> <span class='ocrx_word' id='word_1_116' title='bbox 372 1545 519 1627; x_wconf 90' lang='lat' dir='ltr'>lem,</span> <span class='ocrx_word' id='word_1_117' title='bbox 569 1565 733 1629; x_wconf 89' lang='lat' dir='ltr'>quae</span> <span class='ocrx_word' id='word_1_118' title='bbox 780 1565 959 1609; x_wconf 88' lang='lat' dir='ltr'>sacra</span> <span class='ocrx_word' id='word_1_119' title='bbox 1003 1543 1218 1628; x_wconf 86' lang='lat' dir='ltr'>faciat,</span> <span class='ocrx_word' id='word_1_120' title='bbox 1256 1565 1419 1628; x_wconf 89' lang='lat' dir='ltr'>quae</span> <span class='ocrx_word' id='word_1_121' title='bbox 1459 1544 1561 1607; x_wconf 88' lang='lat' dir='ltr'>ius</span> <span class='ocrx_word' id='word_1_122' title='bbox 1601 1545 1723 1609; x_wconf 88' lang='lat' dir='ltr'>siet</span> <span class='ocrx_word' id='word_1_123' title='bbox 1762 1544 2156 1609; x_wconf 74' lang='lat' dir='ltr'>sacerdotem</span> <span class='ocrx_word' id='word_1_124' title='bbox 2193 1542 2411 1608; x_wconf 88' lang='lat' dir='ltr'>Vesta-</span> 
     </span>
     <span class='ocr_line' id='line_1_17' title="bbox 372 1631 2410 1716; baseline 0 -18"><span class='ocrx_word' id='word_1_125' title='bbox 372 1634 502 1698; x_wconf 92' lang='lat' dir='ltr'>lem</span> <span class='ocrx_word' id='word_1_126' title='bbox 558 1633 768 1698; x_wconf 88' lang='lat' dir='ltr'>facere</span> <span class='ocrx_word' id='word_1_127' title='bbox 823 1655 942 1716; x_wconf 83' lang='lat' dir='ltr'>pro</span> <span class='ocrx_word' id='word_1_128' title='bbox 998 1634 1245 1716; x_wconf 88' lang='lat' dir='ltr'>populo</span> <span class='ocrx_word' id='word_1_129' title='bbox 1300 1631 1597 1696; x_wconf 85' lang='lat' dir='ltr'>Romano</span> <span class='ocrx_word' id='word_1_130' title='bbox 1656 1631 2036 1715; x_wconf 75' lang='lat' dir='ltr'>Quiritibus,</span> <span class='ocrx_word' id='word_1_131' title='bbox 2091 1634 2191 1696; x_wconf 90' lang='lat' dir='ltr'>uti</span> <span class='ocrx_word' id='word_1_132' title='bbox 2247 1654 2410 1716; x_wconf 89' lang='lat' dir='ltr'>quae</span> 
     </span>
     <span class='ocr_line' id='line_1_18' title="bbox 375 1721 2410 1807; baseline 0 -21"><span class='ocrx_word' id='word_1_133' title='bbox 375 1723 624 1807; x_wconf 85' lang='lat' dir='ltr'>optima</span> <span class='ocrx_word' id='word_1_134' title='bbox 660 1722 803 1807; x_wconf 92' lang='grc'>1636</span> <span class='ocrx_word' id='word_1_135' title='bbox 839 1723 983 1805; x_wconf 84' lang='lat' dir='ltr'>fuit,</span> <span class='ocrx_word' id='word_1_136' title='bbox 1010 1723 1105 1786; x_wconf 87' lang='lat' dir='ltr'>ita</span> <span class='ocrx_word' id='word_1_137' title='bbox 1132 1725 1215 1806; x_wconf 91' lang='lat' dir='ltr'>te,</span> <span class='ocrx_word' id='word_1_138' title='bbox 1243 1721 1501 1804; x_wconf 90' lang='lat' dir='ltr'>Amata,</span> <span class='ocrx_word' id='word_1_139' title='bbox 1531 1723 1758 1806; x_wconf 86' lang='lat' dir='ltr'>capio’.</span> <span class='ocrx_word' id='word_1_140' title='bbox 1781 1759 1865 1769; x_wconf 90' lang='lat'>—</span> <span class='ocrx_word' id='word_1_141' title='bbox 1902 1721 2057 1787; x_wconf 68' lang='lat' dir='ltr'>Gall.</span> <span class='ocrx_word' id='word_1_142' title='bbox 2092 1722 2150 1804; x_wconf 93' lang='lat' dir='ltr'>l,</span> <span class='ocrx_word' id='word_1_143' title='bbox 2181 1722 2283 1805; x_wconf 89' lang='grc'>12,</span> <span class='ocrx_word' id='word_1_144' title='bbox 2311 1722 2410 1786; x_wconf 89' lang='grc'>14.</span> 
     </span>
     <span class='ocr_line' id='line_1_19' title="bbox 509 1809 2412 1895; baseline 0.001 -20"><span class='ocrx_word' id='word_1_145' title='bbox 509 1811 564 1876; x_wconf 83' lang='grc'>5.</span> <span class='ocrx_word' id='word_1_146' title='bbox 611 1809 788 1876; x_wconf 91' lang='lat' dir='ltr'>Idem</span> <span class='ocrx_word' id='word_1_147' title='bbox 833 1811 945 1875; x_wconf 91' lang='lat' dir='ltr'>lib.</span> <span class='ocrx_word' id='word_1_148' title='bbox 983 1811 1143 1876; x_wconf 84' lang='lat' dir='ltr'>iuris</span> <span class='ocrx_word' id='word_1_149' title='bbox 1192 1811 1514 1895; x_wconf 89' lang='lat' dir='ltr'>pontificii</span> <span class='ocrx_word' id='word_1_150' title='bbox 1561 1811 1782 1876; x_wconf 88' lang='lat' dir='ltr'>tertio:</span> <span class='ocrx_word' id='word_1_151' title='bbox 1832 1810 2157 1875; x_wconf 77' lang='lat' dir='ltr'>‘Pilumno</span> <span class='ocrx_word' id='word_1_152' title='bbox 2205 1815 2272 1875; x_wconf 90' lang='lat' dir='ltr'>et</span> <span class='ocrx_word' id='word_1_153' title='bbox 2307 1811 2412 1876; x_wconf 85' lang='lat' dir='ltr'>Pi-</span> 
     </span>
     <span class='ocr_line' id='line_1_20' title="bbox 376 1900 1700 1984; baseline -0.001 -18"><span class='ocrx_word' id='word_1_154' title='bbox 376 1902 652 1966; x_wconf 88' lang='lat' dir='ltr'>cumno&#39;.</span> <span class='ocrx_word' id='word_1_155' title='bbox 685 1937 769 1947; x_wconf 95' lang='lat'><strong>—</strong></span> <span class='ocrx_word' id='word_1_156' title='bbox 810 1900 973 1966; x_wconf 78' lang='lat' dir='ltr'>Non.</span> <span class='ocrx_word' id='word_1_157' title='bbox 1017 1900 1117 1984; x_wconf 84' lang='lat'>12,</span> <span class='ocrx_word' id='word_1_158' title='bbox 1147 1900 1188 1964; x_wconf 82' lang='lat'><strong>3</strong></span> <span class='ocrx_word' id='word_1_159' title='bbox 1221 1922 1291 1982; x_wconf 94' lang='grc' dir='ltr'>Ρ.</span> <span class='ocrx_word' id='word_1_160' title='bbox 1332 1900 1462 1965; x_wconf 81' lang='lat'>518</span> <span class='ocrx_word' id='word_1_161' title='bbox 1504 1900 1700 1965; x_wconf 75' lang='lat' dir='ltr'>Mero.</span> 
     </span>
     <span class='ocr_line' id='line_1_21' title="bbox 296 1988 2412 2074; baseline -0 -20"><span class='ocrx_word' id='word_1_162' title='bbox 296 2014 348 2054; x_wconf 67' lang='grc' dir='ltr'>ιο</span> <span class='ocrx_word' id='word_1_163' title='bbox 511 1989 564 2054; x_wconf 87' lang='grc'>6.</span> <span class='ocrx_word' id='word_1_164' title='bbox 613 1988 851 2055; x_wconf 80' lang='lat' dir='ltr'>Fabius</span> <span class='ocrx_word' id='word_1_165' title='bbox 896 1988 1119 2055; x_wconf 86' lang='lat' dir='ltr'>Pictor</span> <span class='ocrx_word' id='word_1_166' title='bbox 1161 1989 1281 2054; x_wconf 86' lang='lat' dir='ltr'>hos</span> <span class='ocrx_word' id='word_1_167' title='bbox 1332 1989 1483 2053; x_wconf 88' lang='lat' dir='ltr'>deos</span> <span class='ocrx_word' id='word_1_168' title='bbox 1531 1991 1880 2074; x_wconf 88' lang='lat' dir='ltr'>enumerat,</span> <span class='ocrx_word' id='word_1_169' title='bbox 1929 2010 2092 2072; x_wconf 87' lang='lat' dir='ltr'>quos</span> <span class='ocrx_word' id='word_1_170' title='bbox 2148 1989 2412 2054; x_wconf 88' lang='lat' dir='ltr'>inuocat</span> 
     </span>
     <span class='ocr_line' id='line_1_22' title="bbox 376 2076 2415 2143; baseline 0 -1"><span class='ocrx_word' id='word_1_171' title='bbox 376 2078 608 2143; x_wconf 88' lang='lat' dir='ltr'>flamen</span> <span class='ocrx_word' id='word_1_172' title='bbox 656 2099 908 2142; x_wconf 88' lang='lat' dir='ltr'>sacrum</span> <span class='ocrx_word' id='word_1_173' title='bbox 959 2076 1216 2143; x_wconf 85' lang='lat' dir='ltr'>Cereale</span> <span class='ocrx_word' id='word_1_174' title='bbox 1262 2078 1505 2143; x_wconf 87' lang='lat' dir='ltr'>faciens</span> <span class='ocrx_word' id='word_1_175' title='bbox 1543 2078 1788 2143; x_wconf 88' lang='lat' dir='ltr'>Telluri</span> <span class='ocrx_word' id='word_1_176' title='bbox 1836 2086 1902 2142; x_wconf 90' lang='lat' dir='ltr'>et</span> <span class='ocrx_word' id='word_1_177' title='bbox 1941 2077 2181 2143; x_wconf 89' lang='lat' dir='ltr'>Cereri:</span> <span class='ocrx_word' id='word_1_178' title='bbox 2229 2077 2415 2143; x_wconf 75' lang='lat' dir='ltr'>‘Ver-</span> 
     </span>
     <span class='ocr_line' id='line_1_23' title="bbox 375 2165 2416 2253; baseline 0 -22"><span class='ocrx_word' id='word_1_179' title='bbox 375 2169 734 2252; x_wconf 85' lang='lat' dir='ltr'>uactorem,</span> <span class='ocrx_word' id='word_1_180' title='bbox 770 2166 1260 2252; x_wconf 88' lang='lat' dir='ltr'>Reparatorem,</span> <span class='ocrx_word' id='word_1_181' title='bbox 1313 2165 1806 2253; x_wconf 87' lang='lat' dir='ltr'>Inporcitorem,</span> <span class='ocrx_word' id='word_1_182' title='bbox 1853 2166 2226 2250; x_wconf 85' lang='lat' dir='ltr'>Insitorem,</span> <span class='ocrx_word' id='word_1_183' title='bbox 2283 2165 2416 2232; x_wconf 86' lang='lat' dir='ltr'>Ob-</span> 
     </span>
     <span class='ocr_line' id='line_1_24' title="bbox 376 2255 2414 2341; baseline 0 -22"><span class='ocrx_word' id='word_1_184' title='bbox 376 2259 724 2339; x_wconf 87' lang='lat' dir='ltr'>aratorem,</span> <span class='ocrx_word' id='word_1_185' title='bbox 799 2255 1203 2339; x_wconf 91' lang='lat' dir='ltr'>Occatorem,</span> <span class='ocrx_word' id='word_1_186' title='bbox 1279 2255 1693 2341; x_wconf 87' lang='lat' dir='ltr'>Sarritorem,</span> <span class='ocrx_word' id='word_1_187' title='bbox 1768 2256 2414 2341; x_wconf 86' lang='lat' dir='ltr'>Subruncinatorem,</span> 
     </span>
     <span class='ocr_line' id='line_1_25' title="bbox 375 2344 2415 2432; baseline 0 -23"><span class='ocrx_word' id='word_1_188' title='bbox 375 2344 747 2427; x_wconf 86' lang='lat' dir='ltr'>Messorem,</span> <span class='ocrx_word' id='word_1_189' title='bbox 800 2344 1281 2430; x_wconf 88' lang='lat' dir='ltr'>Conuectorem,</span> <span class='ocrx_word' id='word_1_190' title='bbox 1332 2344 1765 2432; x_wconf 85' lang='lat' dir='ltr'>Conditorem,</span> <span class='ocrx_word' id='word_1_191' title='bbox 1811 2346 2286 2410; x_wconf 88' lang='lat' dir='ltr'>Promitorem’.</span> <span class='ocrx_word' id='word_1_192' title='bbox 2328 2384 2415 2393; x_wconf 95' lang='lat'>—</span> 
     </span>
     <span class='ocr_line' id='line_1_26' title="bbox 298 2434 1399 2519; baseline 0 -21"><span class='ocrx_word' id='word_1_193' title='bbox 298 2458 349 2498; x_wconf 66' lang='grc' dir='ltr'>π</span> <span class='ocrx_word' id='word_1_194' title='bbox 379 2434 548 2499; x_wconf 66' lang='lat' dir='ltr'>Seri).</span> <span class='ocrx_word' id='word_1_195' title='bbox 586 2437 675 2499; x_wconf 86' lang='lat' dir='ltr'>ad</span> <span class='ocrx_word' id='word_1_196' title='bbox 712 2434 886 2517; x_wconf 74' lang='lat' dir='ltr'>Very.</span> <span class='ocrx_word' id='word_1_197' title='bbox 941 2434 1158 2517; x_wconf 74' lang='lat' dir='ltr'>Geory.</span> <span class='ocrx_word' id='word_1_198' title='bbox 1202 2436 1259 2519; x_wconf 87' lang='lat'>1,</span> <span class='ocrx_word' id='word_1_199' title='bbox 1295 2435 1399 2499; x_wconf 90' lang='grc'>21.</span> 
     </span>
    </p>

    <p class='ocr_par' dir='ltr' id='par_1_6' title="bbox 376 2521 2423 2786">
     <span class='ocr_line' id='line_1_27' title="bbox 513 2521 2423 2608; baseline 0.001 -21"><span class='ocrx_word' id='word_1_200' title='bbox 513 2524 566 2588; x_wconf 84' lang='lat'>7.</span> <span class='ocrx_word' id='word_1_201' title='bbox 613 2522 853 2588; x_wconf 88' lang='lat' dir='ltr'>Fabius</span> <span class='ocrx_word' id='word_1_202' title='bbox 901 2522 1120 2589; x_wconf 91' lang='lat' dir='ltr'>Pictor</span> <span class='ocrx_word' id='word_1_203' title='bbox 1163 2524 1275 2588; x_wconf 92' lang='lat' dir='ltr'>lib.</span> <span class='ocrx_word' id='word_1_204' title='bbox 1313 2521 1515 2588; x_wconf 90' lang='lat' dir='ltr'>XVI.:</span> <span class='ocrx_word' id='word_1_205' title='bbox 1565 2522 1843 2608; x_wconf 80' lang='lat' dir='ltr'>‘Aquam</span> <span class='ocrx_word' id='word_1_206' title='bbox 1892 2523 2190 2589; x_wconf 89' lang='lat' dir='ltr'>manibus</span> <span class='ocrx_word' id='word_1_207' title='bbox 2238 2524 2423 2608; x_wconf 63' lang='lat' dir='ltr'>pedi-⁵</span> 
     </span>
     <span class='ocr_line' id='line_1_28' title="bbox 376 2612 2417 2698; baseline 0.001 -22"><span class='ocrx_word' id='word_1_208' title='bbox 376 2612 627 2698; x_wconf 88' lang='lat' dir='ltr'>busque</span> <span class='ocrx_word' id='word_1_209' title='bbox 685 2612 854 2696; x_wconf 76' lang='lat' dir='ltr'>dato,</span> <span class='ocrx_word' id='word_1_210' title='bbox 908 2612 1257 2696; x_wconf 91' lang='lat' dir='ltr'>polubrum</span> <span class='ocrx_word' id='word_1_211' title='bbox 1312 2615 1574 2679; x_wconf 87' lang='lat' dir='ltr'>sinistra</span> <span class='ocrx_word' id='word_1_212' title='bbox 1619 2636 1814 2678; x_wconf 91' lang='lat' dir='ltr'>manu</span> <span class='ocrx_word' id='word_1_213' title='bbox 1858 2617 2095 2698; x_wconf 87' lang='lat' dir='ltr'>teneto,</span> <span class='ocrx_word' id='word_1_214' title='bbox 2152 2614 2417 2679; x_wconf 85' lang='lat' dir='ltr'>dextera</span> 
     </span>
     <span class='ocr_line' id='line_1_29' title="bbox 376 2701 2161 2786; baseline 0.001 -20"><span class='ocrx_word' id='word_1_215' title='bbox 376 2724 605 2767; x_wconf 87' lang='lat' dir='ltr'>uasum</span> <span class='ocrx_word' id='word_1_216' title='bbox 653 2724 799 2767; x_wconf 89' lang='lat' dir='ltr'>cum</span> <span class='ocrx_word' id='word_1_217' title='bbox 846 2704 1054 2786; x_wconf 88' lang='lat' dir='ltr'>aqua&#39;.</span> <span class='ocrx_word' id='word_1_218' title='bbox 1085 2740 1172 2750; x_wconf 92' lang='lat'>—</span> <span class='ocrx_word' id='word_1_219' title='bbox 1208 2702 1373 2769; x_wconf 78' lang='lat' dir='ltr'>Non.</span> <span class='ocrx_word' id='word_1_220' title='bbox 1417 2702 1639 2785; x_wconf 89' lang='grc'>19,11</span> <span class='ocrx_word' id='word_1_221' title='bbox 1677 2725 1747 2785; x_wconf 92' lang='grc' dir='ltr'>Ρ.</span> <span class='ocrx_word' id='word_1_222' title='bbox 1787 2701 1918 2768; x_wconf 83' lang='lat'>544</span> <span class='ocrx_word' id='word_1_223' title='bbox 1964 2703 2161 2767; x_wconf 79' lang='lat' dir='ltr'>Mero.</span> 
     </span>
    </p>

    <p class='ocr_par' dir='ltr' id='par_1_7' title="bbox 513 2790 2414 2880">
     <span class='ocr_line' id='line_1_30' title="bbox 513 2790 2414 2880; baseline 0 -23"><span class='ocrx_word' id='word_1_224' title='bbox 513 2792 566 2857; x_wconf 88' lang='grc'>8.</span> <span class='ocrx_word' id='word_1_225' title='bbox 617 2790 851 2855; x_wconf 85' lang='lat' dir='ltr'>Varro:</span> <span class='ocrx_word' id='word_1_226' title='bbox 911 2791 1388 2857; x_wconf 88' lang='lat' dir='ltr'>Commentario</span> <span class='ocrx_word' id='word_1_227' title='bbox 1443 2793 1650 2856; x_wconf 88' lang='lat' dir='ltr'>ueteri</span> <span class='ocrx_word' id='word_1_228' title='bbox 1701 2792 1886 2856; x_wconf 87' lang='lat' dir='ltr'>Fabii</span> <span class='ocrx_word' id='word_1_229' title='bbox 1933 2791 2208 2857; x_wconf 88' lang='lat' dir='ltr'>Pictoris</span> <span class='ocrx_word' id='word_1_230' title='bbox 2256 2791 2414 2880; x_wconf 90' lang='grc'>1631·</span> 
     </span>
    </p>

    <p class='ocr_par' dir='ltr' id='par_1_8' title="bbox 297 2878 2415 3052">
     <span class='ocr_line' id='line_1_31' title="bbox 297 2878 2415 2965; baseline 0.001 -20"><span class='ocrx_word' id='word_1_231' title='bbox 297 2904 352 2945; x_wconf 74' lang='lat'>³0</span> <span class='ocrx_word' id='word_1_232' title='bbox 382 2878 646 2945; x_wconf 83' lang='lat' dir='ltr'>‘Muries</span> <span class='ocrx_word' id='word_1_233' title='bbox 702 2881 779 2945; x_wconf 89' lang='lat' dir='ltr'>fit</span> <span class='ocrx_word' id='word_1_234' title='bbox 825 2902 904 2945; x_wconf 82' lang='lat' dir='ltr'>ex</span> <span class='ocrx_word' id='word_1_235' title='bbox 961 2881 1119 2962; x_wconf 87' lang='lat' dir='ltr'>sale,</span> <span class='ocrx_word' id='word_1_236' title='bbox 1177 2882 1351 2965; x_wconf 91' lang='lat' dir='ltr'>quod</span> <span class='ocrx_word' id='word_1_237' title='bbox 1396 2883 1527 2945; x_wconf 88' lang='lat' dir='ltr'>sale</span> <span class='ocrx_word' id='word_1_238' title='bbox 1574 2881 1903 2946; x_wconf 89' lang='lat' dir='ltr'>sordidum</span> <span class='ocrx_word' id='word_1_239' title='bbox 1956 2883 2012 2946; x_wconf 90' lang='lat' dir='ltr'>si</span> <span class='ocrx_word' id='word_1_240' title='bbox 2056 2882 2305 2965; x_wconf 88' lang='lat' dir='ltr'>pistum</span> <span class='ocrx_word' id='word_1_241' title='bbox 2352 2887 2415 2948; x_wconf 87' lang='lat' dir='ltr'>et</span> 
     </span>
     <span class='ocr_line' id='line_1_32' title="bbox 377 2932 2412 3052; baseline 0.002 -19"><span class='ocrx_word' id='word_1_242' title='bbox 377 2969 451 3033; x_wconf 76' lang='lat' dir='ltr'>in</span> <span class='ocrx_word' id='word_1_243' title='bbox 487 2969 683 3033; x_wconf 91' lang='lat' dir='ltr'>ollam</span> <span class='ocrx_word' id='word_1_244' title='bbox 719 2970 944 3034; x_wconf 89' lang='lat' dir='ltr'>rudem</span> <span class='ocrx_word' id='word_1_245' title='bbox 981 2932 1246 3035; x_wconf 89' lang='lat' dir='ltr'>fictilem</span> <span class='ocrx_word' id='word_1_246' title='bbox 1289 2972 1623 3035; x_wconf 73' lang='lat' dir='ltr'>coniecbum</span> <span class='ocrx_word' id='word_1_247' title='bbox 1668 2976 1725 3034; x_wconf 75' lang='lat' dir='ltr'>et</span> <span class='ocrx_word' id='word_1_248' title='bbox 1760 2972 1832 3034; x_wconf 77' lang='lat' dir='ltr'>in</span> <span class='ocrx_word' id='word_1_249' title='bbox 1870 2971 2119 3052; x_wconf 73' lang='lat' dir='ltr'>fornaci</span> <span class='ocrx_word' id='word_1_250' title='bbox 2156 2976 2412 3036; x_wconf 89' lang='lat' dir='ltr'>coctum</span> 
     </span>
    </p>
   </div>
   <div class='ocr_carea' id='block_1_3' title="bbox 380 3057 2414 3231">
    <p class='ocr_par' dir='ltr' id='par_1_9' title="bbox 380 3057 2414 3231">
     <span class='ocr_line' id='line_1_33' title="bbox 380 3057 2414 3143; baseline 0.002 -21"><span class='ocrx_word' id='word_1_251' title='bbox 380 3060 494 3141; x_wconf 86' lang='lat' dir='ltr'>est,</span> <span class='ocrx_word' id='word_1_252' title='bbox 530 3062 758 3143; x_wconf 86' lang='lat' dir='ltr'>postea</span> <span class='ocrx_word' id='word_1_253' title='bbox 793 3059 862 3123; x_wconf 89' lang='lat' dir='ltr'>id</span> <span class='ocrx_word' id='word_1_254' title='bbox 900 3058 995 3123; x_wconf 88' lang='lat' dir='ltr'>sal</span> <span class='ocrx_word' id='word_1_255' title='bbox 1031 3058 1316 3142; x_wconf 83' lang='lat' dir='ltr'>uirgines</span> <span class='ocrx_word' id='word_1_256' title='bbox 1337 3057 1629 3124; x_wconf 87' lang='lat' dir='ltr'>Vestales</span> <span class='ocrx_word' id='word_1_257' title='bbox 1667 3081 1842 3125; x_wconf 87' lang='lat' dir='ltr'>serra</span> <span class='ocrx_word' id='word_1_258' title='bbox 1877 3060 2084 3125; x_wconf 88' lang='lat' dir='ltr'>ferrea</span> <span class='ocrx_word' id='word_1_259' title='bbox 2121 3062 2365 3126; x_wconf 85' lang='lat' dir='ltr'>secant&#39;</span> <span class='ocrx_word' id='word_1_260' title='bbox 2372 3058 2414 3125; x_wconf 76' lang='lat'>‚³</span> 
     </span>
     <span class='ocr_line' id='line_1_34' title="bbox 385 3147 1450 3231; baseline 0 -20"><span class='ocrx_word' id='word_1_261' title='bbox 385 3184 467 3193; x_wconf 86' lang='lat'>—</span> <span class='ocrx_word' id='word_1_262' title='bbox 509 3147 762 3229; x_wconf 76' lang='lat' dir='ltr'>Non.3,</span> <span class='ocrx_word' id='word_1_263' title='bbox 804 3148 929 3213; x_wconf 83' lang='lat'>197</span> <span class='ocrx_word' id='word_1_264' title='bbox 973 3171 1035 3231; x_wconf 90' lang='grc' dir='ltr'>Ρ.</span> <span class='ocrx_word' id='word_1_265' title='bbox 1075 3147 1206 3212; x_wconf 81' lang='grc'>223</span> <span class='ocrx_word' id='word_1_266' title='bbox 1254 3148 1450 3212; x_wconf 77' lang='lat' dir='ltr'>Mero.</span> 
     </span>
    </p>
   </div>
   <div class='ocr_carea' id='block_1_4' title="bbox 378 3258 808 3265">
    <p class='ocr_par' dir='ltr' id='par_1_10' title="bbox 378 3258 808 3265">
     <span class='ocr_line' id='line_1_35' title="bbox 378 3258 808 3265; baseline 0 652"><span class='ocrx_word' id='word_1_267' title='bbox 378 3258 808 3265; x_wconf 95' lang='lat' dir='ltr'> </span> 
     </span>
    </p>
   </div>
   <div class='ocr_carea' id='block_1_5' title="bbox 375 3303 2420 3590">
    <p class='ocr_par' dir='ltr' id='par_1_11' title="bbox 375 3303 2420 3590">
     <span class='ocr_line' id='line_1_36' title="bbox 526 3303 2413 3377; baseline 0.002 -22"><span class='ocrx_word' id='word_1_268' title='bbox 526 3305 577 3372; x_wconf 93' lang='lat'>1)</span> <span class='ocrx_word' id='word_1_269' title='bbox 615 3303 931 3360; x_wconf 86' lang='lat' dir='ltr'>flaminicae</span> <span class='ocrx_word' id='word_1_270' title='bbox 968 3303 1163 3358; x_wconf 82' lang='lat' dir='ltr'>Dialis.</span> <span class='ocrx_word' id='word_1_271' title='bbox 1203 3304 1344 3358; x_wconf 83' lang='lat' dir='ltr'>alias</span> <span class='ocrx_word' id='word_1_272' title='bbox 1390 3305 1510 3359; x_wconf 81' lang='lat' dir='ltr'>Hu.</span> <span class='ocrx_word' id='word_1_273' title='bbox 1567 3304 1908 3375; x_wconf 82' lang='lat' dir='ltr'>[flaminicae</span> <span class='ocrx_word' id='word_1_274' title='bbox 1962 3348 1972 3358; x_wconf 91' lang='lat'><strong>.</strong></span> <span class='ocrx_word' id='word_1_275' title='bbox 1992 3306 2060 3377; x_wconf 87' lang='lat'>..]</span> <span class='ocrx_word' id='word_1_276' title='bbox 2098 3305 2413 3361; x_wconf 73' lang='lat' dir='ltr'>flaminicae</span> 
     </span>
     <span class='ocr_line' id='line_1_37' title="bbox 380 3372 2420 3445; baseline 0.004 -19"><span class='ocrx_word' id='word_1_277' title='bbox 380 3372 534 3427; x_wconf 85' lang='lat' dir='ltr'>Diali</span> <span class='ocrx_word' id='word_1_278' title='bbox 515 3392 563 3428; x_wconf 91' lang='grc'>16</span> <span class='ocrx_word' id='word_1_279' title='bbox 602 3376 790 3430; x_wconf 79' lang='lat' dir='ltr'>Hertz.</span> <span class='ocrx_word' id='word_1_280' title='bbox 938 3377 989 3444; x_wconf 84' lang='lat'>2)</span> <span class='ocrx_word' id='word_1_281' title='bbox 1018 3383 1149 3445; x_wconf 77' lang='lat' dir='ltr'>post</span> <span class='ocrx_word' id='word_1_282' title='bbox 1183 3391 1434 3429; x_wconf 84' lang='lat' dir='ltr'>seorsum</span> <span class='ocrx_word' id='word_1_283' title='bbox 1471 3376 1734 3431; x_wconf 61' lang='lat' dir='ltr'>exmddsse</span> <span class='ocrx_word' id='word_1_284' title='bbox 1769 3394 1893 3430; x_wconf 84' lang='lat' dir='ltr'>eam</span> <span class='ocrx_word' id='word_1_285' title='bbox 1929 3378 2157 3432; x_wconf 75' lang='lat' dir='ltr'>coniecit</span> <span class='ocrx_word' id='word_1_286' title='bbox 2194 3380 2313 3434; x_wconf 77' lang='lat' dir='ltr'>Hu.</span> <span class='ocrx_word' id='word_1_287' title='bbox 2415 3409 2420 3414; x_wconf 88' lang='lat'><em>-</em></span> 
     </span>
     <span class='ocr_line' id='line_1_38' title="bbox 381 3446 2419 3516; baseline 0.004 -18"><span class='ocrx_word' id='word_1_288' title='bbox 381 3446 435 3516; x_wconf 81' lang='lat'>3)</span> <span class='ocrx_word' id='word_1_289' title='bbox 473 3447 553 3500; x_wconf 76' lang='lat' dir='ltr'>sic</span> <span class='ocrx_word' id='word_1_290' title='bbox 591 3447 709 3500; x_wconf 77' lang='lat' dir='ltr'>Hw.</span> <span class='ocrx_word' id='word_1_291' title='bbox 730 3453 1030 3516; x_wconf 60' lang='lat' dir='ltr'>praeeunte</span> <span class='ocrx_word' id='word_1_292' title='bbox 1059 3447 1303 3514; x_wconf 78' lang='lat' dir='ltr'>Cuiacio,</span> <span class='ocrx_word' id='word_1_293' title='bbox 1342 3448 1440 3516; x_wconf 75' lang='lat' dir='ltr'>qui</span> <span class='ocrx_word' id='word_1_294' title='bbox 1473 3465 1608 3502; x_wconf 74' lang='lat' dir='ltr'>usus</span> <span class='ocrx_word' id='word_1_295' title='bbox 1634 3454 1712 3502; x_wconf 81' lang='lat' dir='ltr'>est</span> <span class='ocrx_word' id='word_1_296' title='bbox 1738 3448 1852 3503; x_wconf 83' lang='lat' dir='ltr'>loco</span> <span class='ocrx_word' id='word_1_297' title='bbox 1879 3447 2038 3503; x_wconf 76' lang='lat' dir='ltr'>Festi</span> <span class='ocrx_word' id='word_1_298' title='bbox 2060 3465 2102 3503; x_wconf 81' lang='lat' dir='ltr'>s.</span> <span class='ocrx_word' id='word_1_299' title='bbox 2131 3466 2181 3504; x_wconf 81' lang='lat' dir='ltr'>v.</span> <span class='ocrx_word' id='word_1_300' title='bbox 2211 3452 2419 3506; x_wconf 63' lang='lat' dir='ltr'>marim</span> 
     </span>
     <span class='ocr_line' id='line_1_39' title="bbox 375 3518 2420 3590; baseline 0.003 -20"><span class='ocrx_word' id='word_1_301' title='bbox 375 3533 435 3587; x_wconf 87' lang='grc' dir='ltr'>Ρ.</span> <span class='ocrx_word' id='word_1_302' title='bbox 456 3522 558 3571; x_wconf 83' lang='grc'>158</span> <span class='ocrx_word' id='word_1_303' title='bbox 579 3518 709 3586; x_wconf 83' lang='lat' dir='ltr'>(vid.</span> <span class='ocrx_word' id='word_1_304' title='bbox 731 3519 865 3585; x_wconf 74' lang='lat' dir='ltr'>infr.</span> <span class='ocrx_word' id='word_1_305' title='bbox 882 3520 1153 3574; x_wconf 78' lang='lat' dir='ltr'>Veramus</span> <span class='ocrx_word' id='word_1_306' title='bbox 1165 3524 1227 3572; x_wconf 90' lang='lat'>11</span> <span class='ocrx_word' id='word_1_307' title='bbox 1244 3536 1303 3589; x_wconf 91' lang='grc' dir='ltr'>Ρ.</span> <span class='ocrx_word' id='word_1_308' title='bbox 1326 3520 1433 3590; x_wconf 79' lang='grc'>52).</span> <span class='ocrx_word' id='word_1_309' title='bbox 1498 3518 1742 3590; x_wconf 80' lang='lat' dir='ltr'>legimus</span> <span class='ocrx_word' id='word_1_310' title='bbox 1760 3522 1846 3573; x_wconf 86' lang='lat' dir='ltr'>tes</span> <span class='ocrx_word' id='word_1_311' title='bbox 1866 3518 1931 3572; x_wconf 92' lang='lat' dir='ltr'>fit</span> <span class='ocrx_word' id='word_1_312' title='bbox 1948 3521 2007 3573; x_wconf 88' lang='lat' dir='ltr'>et</span> <span class='ocrx_word' id='word_1_313' title='bbox 2026 3519 2143 3575; x_wconf 79' lang='lat' dir='ltr'>sale</span> <span class='ocrx_word' id='word_1_314' title='bbox 2164 3539 2276 3590; x_wconf 89' lang='lat' dir='ltr'>quo</span> <span class='ocrx_word' id='word_1_315' title='bbox 2298 3521 2420 3576; x_wconf 78' lang='lat' dir='ltr'>sale</span> 
     </span>
    </p>
   </div>
  </div>
 </body>
</html>
