2650 3917
808 128 882 183 M.
920 127 1167 183 IVNIVS
1208 127 1713 184 GRACCHANVS.
2196 127 2275 193 11

238 292 404 357 citra
447 290 783 356 Volsinios
846 314 908 376 p.
946 294 1108 360 Ἦ
1179 278 1316 356 s‘ine
1371 290 1508 357 ullo
1563 292 1852 377 peditum
1909 291 2279 357 adiumento

239 381 566 466 cepissent
624 382 761 445 eius
815 380 1144 466 uocabuli3
1198 381 1393 465 idque
1449 381 1708 446 durauit
1766 380 1938 446 ultra
1984 379 2051 446 O.
2090 379 2282 446 Grac-

240 471 451 534 chum.
543 467 771 534 Iunius
819 474 1019 555 certe,
1066 469 1180 555 qui
1225 470 1306 535 ab
1356 469 1643 535 amicitia
1687 472 1824 536 eius
1874 469 2280 537 Gracchanus

240 560 603 644 appellatus
651 563 768 642 est,
815 561 1128 644 scriptum
1174 559 1439 643 reliquit
1485 561 1588 624 his
1645 559 1885 624 uerbis:
1942 558 2153 636 ‘Quod
2199 560 2281 624 ad

239 652 603 731 equestrem
650 647 943 714 ordinem
998 648 1262 732 adtinet,
1320 654 1513 714 antea
1564 651 1883 713 trossulos
1942 649 2281 732 uocabant,
2337 674 2362 714 ε

239 760 413 802 nunc
456 739 708 821 equites
746 741 982 803 uocant
1018 737 1183 822 ideo,
1220 740 1375 823 quia
1409 760 1545 803 non
1588 738 1992 825 intellegunt,
2038 742 2280 802 trossu-

238 828 336 892 los
385 848 623 892 nomen
683 828 840 912 quid
892 826 1134 910 ualeat,
1189 829 1561 911 multosque
1623 827 1823 912 pudet
1878 850 1954 892 eo
2019 827 2279 891 nomine

241 915 594 1001 appellari,'
645 921 711 981 et
754 938 1033 1000 causam,
1079 938 1243 1001 quae
1290 939 1487 1001 supra
1530 917 1820 981 indicata
1848 920 1962 999 est,
2010 916 2280 1000 exponit

240 1006 613 1089 inuitosque
659 1006 1014 1071 etiamnum
1060 1009 1278 1070 tamen
1322 1007 1638 1071 trossulos
1684 1006 1921 1070 uocari.
1966 1043 2056 1052 —
2103 1005 2279 1070 Ptin.

237 1116 299 1159 n.
333 1096 394 1159 h.
434 1095 541 1178 33,
579 1094 683 1160 35.
731 1095 838 1159 36.
2311 1120 2363 1160 ιο

377 1184 435 1249 2.
483 1144 848 1269 A’ntiquum
896 1183 1207 1268 oppidum
1254 1183 1324 1248 in
1369 1183 1529 1248 hocl
1568 1182 1765 1249 fuisse
1797 1182 2101 1248 Saturnia
2134 1183 2283 1247 scri-

238 1273 431 1338 bitur.
525 1273 662 1337 eius
725 1273 1003 1359 uestigia
1067 1273 1263 1337 etiam
1329 1294 1501 1338 nunc
1564 1277 1827 1337 manent
1890 1273 2041 1338 tria:
2108 1272 2283 1356 quod

239 1361 506 1427 Saturni
549 1362 774 1427 fanum
822 1364 892 1427 in
936 1361 1260 1448 faucibus3
1298 1363 1473 1446 quod
1503 1360 1808 1427 Saturnia
1844 1366 2048 1447 porta,
2088 1384 2283 1446 quam

236 1450 466 1517 Iunius
514 1451 740 1516 scribit
776 1451 888 1535 ibi,
935 1473 1129 1535 quam
1171 1473 1344 1516 nunc
1389 1455 1629 1518 uocant
1662 1449 2063 1535 Pandanam3
2109 1452 2284 1535 quod

233 1545 387 1626 post
452 1541 674 1605 aedem
727 1539 990 1605 Saturni
1053 1540 1125 1605 in
1187 1540 1627 1606 aedificiorum
1690 1540 1944 1627 legibus
2008 1542 2282 1625 priuatis
2311 1564 2363 1605 ιιι

233 1632 517 1716 parietes
546 1631 785 1713 postici
814 1630 1031 1695 ‘muri'
1061 1634 1212 1694 sunt
1240 1630 1484 1713 scripti.
1504 1668 1592 1677 —
1619 1631 1821 1695 Vamro
1858 1631 1935 1695 de
1960 1630 1998 1694 l.
2027 1630 2066 1695 l.
2096 1632 2157 1713 5,
2175 1630 2282 1693 42.

371 1719 428 1785 3.
476 1717 735 1784 Subura
788 1717 1013 1784 Iunius
1079 1719 1302 1785 scribit
1359 1721 1439 1784 ab
1497 1741 1602 1801 eo,
1667 1725 1838 1804 quod
1899 1719 2097 1784 fuerit
2162 1720 2282 1784 sub

238 1811 513 1892 antiqua
558 1808 733 1872 urbe.
782 1845 871 1856 —
928 1808 1131 1873 Vamro
1177 1810 1253 1874 de
1295 1809 1337 1873 l.
1375 1808 1414 1873 l.
1454 1807 1515 1886 5,
1551 1808 1656 1872 48.

372 1898 434 1963 4.
480 1898 782 1981 Luceres,
828 1902 902 1962 ut
945 1896 1200 1995 Iunius,
1246 1898 1326 1961 ab
1373 1897 1765 1963 Lucumone.
1813 1934 1901 1945 —-
1959 1898 2163 1962 Varro
2209 1897 2285 1963 dc

232 1988 274 2052 l.
310 1988 351 2052 l.
392 1986 454 2069 5,
493 1986 600 2052 55.
2307 2011 2360 2052 zo

371 2077 429 2141 5.
475 2075 801 2141 Mensium
844 2078 1110 2141 nomina
1153 2076 1289 2141 fere
1337 2081 1486 2141 sunt
1533 2081 1781 2160 aperta,
1838 2077 1894 2140 si
1940 2098 1979 2139 a
2024 2075 2280 2157 MartiO,

236 2170 312 2230 ut
381 2166 641 2249 antiqui
713 2166 1215 2248 constituerunt,
1288 2188 1604 2230 numeres.
1696 2188 1848 2229 nam
1922 2164 2171 2249 primus
2247 2186 2285 2228 a

235 2255 465 2320 Marte.
561 2254 897 2338 secundus,
943 2259 1018 2318 ut
1063 2254 1336 2319 Fuluius
1384 2255 1613 2320 scribit
1660 2259 1725 2319 et
1771 2252 2025 2338 Iunius,
2073 2277 2110 2317 a
2157 2252 2283 2318 Ve-

236 2367 417 2428 nere,
464 2344 644 2428 quod
690 2365 765 2407 ea
810 2345 896 2409 sit
938 2342 1332 2428 Aphrodite,
1381 2343 1614 2428 quoius
1669 2366 1908 2408 nomen
1954 2365 2073 2430 ego
2120 2345 2285 2408 anti-

239 2434 384 2518 quis
430 2433 671 2498 litteris
711 2433 886 2516 quod
921 2455 1242 2518 nusquam
1280 2433 1518 2517 inueni,
1565 2436 1773 2520 magis
1811 2437 1972 2517 puto
2020 2432 2285 2516 dictum,
2313 2457 2365 2497 2⁶

239 2522 416 2607 quod
460 2543 581 2587 uer
625 2522 845 2587 omnia
887 2523 1113 2607 aperit,
1158 2522 1472 2606 Aprilem.
1563 2525 1796 2587 tertius
1845 2544 1883 2585 a
1926 2521 2281 2586 maioribus

240 2611 483 2696 MaiuS,
550 2615 818 2695 quartus
891 2635 931 2677 a
992 2611 1357 2677 iunioribus
1431 2613 1641 2678 dictus
1707 2610 1951 2676 lunius».
2052 2610 2286 2676 dehinc

241 2703 512 2786 quintus
551 2699 859 2778 Quintilis
898 2704 964 2766 et
1010 2700 1104 2766 sic
1149 2701 1449 2786 deinceps
1496 2724 1701 2785 usque
1747 2697 1830 2765 ad
1865 2699 2282 2765 Decembrem

241 2814 280 2854 a
323 2811 619 2856 numero
711 2790 794 2855 ad
856 2790 977 2856 hos
1039 2792 1152 2875 qui
1196 2791 1439 2874 additi,
1493 2791 1674 2875 prior
1726 2813 1766 2855 a
1820 2788 2110 2875 principe
2165 2788 2284 2854 deo

239 2878 585 2946 Ianuarius
631 2878 1022 2965 appellatus3
1069 2882 1406 2963 posterior,
1452 2885 1527 2944 ut
1574 2880 1772 2945 iidem
1818 2879 2043 2945 dicunt
2089 2878 2287 2963 scrip
2314 2904 2366 2945 ao

239 2975 433 3052 tores,
481 2969 564 3033 ab
613 2967 737 3034 diis
783 2969 1006 3034 inferis
1053 2968 1441 3035 Februarius
1490 2968 1880 3054 appellatus,
1925 2967 2099 3051 quod
2145 2972 2285 3033 tum

237 3057 340 3124 his
436 3061 782 3123 arentetur.
830 3095 919 3105 —-
974 3058 1178 3124 Vafrro
1223 3059 1300 3124 de
1344 3058 1383 3123 l.
1422 3058 1461 3123 l.
1510 3059 1570 3144 6,
1608 3058 1714 3123 33.
1752 3058 1856 3122 34.

419 3146 774 3213 ,Nomina
849 3148 1068 3212 decem
1150 3148 1482 3213 mensibus
1566 3147 1850 3232 antiquis
1933 3144 2285 3210 Romulum

238 3237 473 3304 fecisse
529 3235 800 3302 Fuluius
856 3241 922 3301 et
984 3235 1209 3302 Iunius
1273 3245 1567 3302 auctores
1635 3241 1803 3302 sunt.
1898 3239 1962 3299 et
2028 3234 2287 3319 quidem

240 3327 404 3393 duos
458 3327 709 3412 primos
765 3350 804 3390 a
857 3326 1231 3411 parentibus
1288 3328 1423 3391 suis
1477 3328 1842 3391 nominasse
1896 3324 2204 3389 Martium
2250 3347 2289 3388 a
2317 3349 2368 3389 85

386 3524 441 3590 1)
477 3521 598 3576 sca.
637 3521 704 3574 in
742 3519 1032 3589 Capitolio.
