2650 3917
381 176 509 241 120
707 176 809 230 AD
848 175 1086 231 GAJVM
1121 172 1476 231 PRAEFAT.
1514 175 1863 231 HVSGHKH
1896 176 2012 230 ED.
2049 177 2090 230 I.

373 346 592 405 bantur
636 344 962 428 αὐτονομίᾳ
1016 345 1279 419 reddita,
1326 364 1480 421 quae
1529 345 1671 405 olim
1718 346 2035 424 peregrina
2081 346 2232 406 ditio
2280 351 2416 406 tan-

373 437 503 494 tum
539 435 760 510 fuerat,
796 435 862 494 in
901 453 1159 510 aequum
1194 438 1386 510 p'aene
1424 437 1518 494 ius
1555 438 1796 510 recepta
1833 438 1937 494 881.
2031 435 2112 494 Et
2156 439 2417 496 maxime

372 526 569 584 oriens
614 524 974 598 invaluerat,
1018 542 1344 600 rursusque
1385 520 1528 583 ‘non
1564 526 1761 583 tenuis
1808 523 2052 599 quidam
2091 545 2122 583 e
2162 523 2418 585 Graecia

370 613 622 689 rivulus,
671 613 776 673 sed
822 612 1372 674 abundantissimus
1419 613 1611 672 amnis
1659 605 1973 714 (01881818
2016 613 2170 674 dixit
2204 615 2414 675 Iuven.

374 704 433 778 3,
465 696 578 784 62)
626 702 874 762 illarum
918 701 1379 779 disciplinarum
1422 705 1485 762 et
1530 704 1752 762 artium
1793 703 1857 761 18
1902 703 2110 762 urbem
2153 695 2418 763 influxit'

372 783 522 871 (Cic.
563 792 634 851 de
671 811 794 868 rep.
837 783 1060 887 2,19),
1105 795 1177 851 ut
1210 792 1336 850 iam
1373 810 1443 850 ex
1487 793 1741 868 imperio
1779 791 2048 852 Romano
2093 794 2415 870 imperium

372 880 624 941 Graeco·
625 881 961 940 Romanum
1011 878 1265 940 factum
1330 880 1649 940 videretur.
1749 880 1947 941 Huius
2010 901 2151 941 vero
2213 902 2416 941 rerum
2474 902 2481 908 ·

368 970 721 1029 mutationis
782 969 1009 1047 effigies
1071 987 1206 1028 cum
1269 968 1451 1029 etiam
1496 970 1560 1028 18
1624 970 1931 1029 1181818818
1987 972 2246 1048 18388118
2291 991 2414 1031 non

369 1058 621 1136 exprimi
661 1077 786 1117 non
839 1060 1066 1134 posset,
1114 1060 1167 1118 81
1213 1058 1429 1117 Gaium
1477 1061 1607 1118 8188
1653 1060 1716 1117 18
1770 1060 2243 1135 iurisprudentia
2289 1064 2414 1137 pri·

366 1167 531 1206 mum
560 1150 622 1206 et
648 1147 1025 1207 verissimum
1046 1148 1351 1224 exemplar
1384 1167 1724 1223 novumque
1766 1150 1956 1224 quasi,
1994 1149 2171 1209 huius
2207 1151 2413 1209 temen

365 1237 679 1313 temporis,
735 1236 1075 1296 Labeonem
1121 1238 1368 1312 dixeris,
1415 1240 1488 1297 81
1531 1237 1901 1312 Hadrianus,
1962 1234 2261 1315 ‘princeps
2306 1239 2413 1299 1118

367 1325 577 1385 doctus
624 1329 685 1384 et
730 1345 921 1385 navus
970 1326 1129 1386 orbis
1175 1329 1502 1402 terrarum,
1549 1346 1670 1386 non
1715 1327 1960 1405 regendi
2004 1330 2261 1402 tantum,
2308 1327 2413 1387 sed

368 1415 552 1475 etiam
606 1415 1065 1491 perambulandi
1119 1410 1401 1494 diligens'
1450 1408 1681 1496 (Front.
1729 1416 1802 1475 de
1853 1417 1959 1477 fer.
2006 1416 2132 1476 Als.
2174 1409 2245 1497 3)
2293 1419 2413 1477 fuit

368 1506 432 1562 in
476 1504 842 1580 principatu,
889 1524 1065 1580 quem
1111 1507 1173 1564 81
1216 1506 1415 1580 ipsum
1461 1505 1682 1564 ideirco
1728 1507 1852 1564 1818
1899 1507 2178 1581 aequales
2227 1505 2413 1566 Grae·-

368 1593 569 1652 culum
617 1593 894 1652 dixerunt
941 1585 1273 1673 (Spartian.
1311 1593 1497 1653 Hadr.
1542 1587 1629 1675 1),
1674 1613 1794 1654 non
1838 1595 2018 1654 modo
2062 1595 2412 1671 rectissime,

366 1681 430 1741 ni
476 1682 677 1759 fallor,
724 1682 796 1741 de
844 1701 913 1742 eo
958 1682 1317 1743 indicaveris
1330 1727 1345 1757 ,
1391 1683 1494 1743 sed
1541 1685 1725 1742 etiam
1780 1685 2010 1758 8181118,
2067 1703 2220 1760 quae
2276 1686 2410 1745 eius

364 1772 613 1848 propria
660 1774 818 1846 sunt,
864 1772 1151 1830 facillime
1199 1773 1608 1847 explicaveris,

499 1860 768 1920 Primum
803 1861 991 1939 igitur
1028 1863 1246 1920 mirum
1282 1881 1404 1920 non
1441 1865 1550 1937 est,
1594 1861 1755 1937 quod
1791 1861 2212 1922 Institutiones
2251 1881 2412 1938 8888,

365 1950 473 2026 qui
540 1948 692 2008 liber
753 1951 981 2025 primus
1056 1952 1323 2009 omnium
1388 1951 1531 2011 novi
1602 1951 1839 2027 imperii
1903 1954 2098 2010 status
2170 1954 2410 2012 ratione

363 2038 572 2098 habita
618 2040 986 2115 compositus
1024 2057 1150 2099 esse
1184 2039 1442 2114 videtur,
1483 2059 1602 2099 11011
1640 2059 1678 2099 a
1712 2040 1923 2117 populi
1960 2040 2219 2100 Romani
2255 2043 2408 2117 iure,

364 2127 468 2186 sed
511 2130 626 2187 118
648 2127 980 2188 exorditur·
1028 2122 1271 2188 ‘Omnes
1316 2130 1555 2205 populi,
1602 2130 1706 2205 qui
1751 2129 1982 2207 legibus
2029 2132 2090 2189 et
2134 2130 2407 2191 moribus

361 2219 676 2295 reguntur,
740 2217 964 2293 partim
1010 2235 1117 2276 suo
1173 2219 1417 2295 proprio
1480 2220 1706 2294 partim
1770 2221 2072 2277 8018111881
2135 2221 2408 2278 81881818

363 2305 673 2365 hominum
716 2306 845 2365 iure
902 2301 1181 2366 utuntur'
1227 2310 1338 2367 818.
1388 2311 1450 2367 81
1504 2308 1717 2367 deinde
1773 2327 2010 2384 quoque
2069 2310 2405 2368 ceterorum

361 2395 721 2471 populorum
764 2397 903 2455 11118
946 2397 1210 2472 respicit,
1254 2416 1376 2455 888
1421 2397 1598 2456 modo
1642 2399 1846 2455 utrum
1884 2397 2028 2472 quid
2065 2398 2215 2456 iuris
2254 2399 2403 2457 civi·

361 2484 436 2543 lis
484 2502 561 2543 88
606 2486 755 2543 18118
801 2486 1071 2562 38811818
1116 2487 1197 2546 811
1241 2488 1304 2545 in
1352 2505 1706 2562 quocunque
1752 2486 2006 2545 articulo
2053 2486 2397 2546 adnotando

362 2565 454 2654 (1,
493 2565 590 2654 2),
637 2573 741 2632 sed
785 2576 969 2633 8118111
1013 2576 1078 2633 18
1124 2576 1253 2634 1818
1299 2576 1468 2634 civili
1527 2575 1722 2634 simile
1765 2574 1863 2634 vel
1917 2574 2208 2634 dissimile
2256 2577 2403 2635 alio—

358 2681 496 2720 rum
541 2663 900 2739 populorum
944 2664 1041 2723 ius
1088 2664 1388 2724 afferendo
1436 2665 1532 2725 vel
1580 2663 1980 2740 comparando
2020 2657 2110 2746 (1,
2142 2666 2254 2740 55,
2286 2668 2403 2740 92,

366 2752 522 2826 193,
571 2755 716 2811 197.
766 2754 825 2827 3,
866 2754 977 2828 96,
1028 2755 1154 2812 134
1211 2756 1273 2813 81
1337 2755 1410 2812 cf.
1465 2753 1534 2812 L.
1587 2755 1665 2812 13
1742 2754 1813 2813 D.
1870 2752 1968 2811 fin.
2025 2773 2159 2832 reg.
2201 2756 2304 2829 10,
2347 2759 2401 2813 1.

360 2839 425 2898 L.
466 2842 507 2898 4
553 2840 626 2899 D.
675 2841 747 2901 de
792 2843 1000 2920 881183.
1041 2844 1145 2917 47,
1185 2834 1317 2923 22),
1364 2844 1459 2901 188
1506 2843 1689 2902 811818
1734 2841 2092 2902 Latinorum
2138 2842 2402 2902 88181118-

358 2931 587 2988 1181881
642 2930 993 3006 explicando
1041 2923 1132 3011 (1,
1167 2933 1273 3006 793
1307 2932 1563 3007 85,86,
1596 2933 1698 2992 95.
1747 2923 2024 3012 3,120),
2068 2934 2402 3009 peregrinis

361 3019 506 3094 quid
555 3039 626 3079 ex
677 3020 807 3079 iure
853 3019 1121 3080 Romano
1185 3022 1368 3079 liceat
1421 3021 1518 3080 vel
1573 3039 1691 3079 808
1756 3021 1962 3094 118881,
2027 3021 2402 3081 admonendo

361 3100 452 3190 (1,
481 3112 596 3183 47·
635 3110 748 3183 53,
791 3110 900 3183 74,
933 3111 1043 3184 93,
1078 3113 1178 3169 94.
1219 3112 1275 3186 2,
1308 3111 1454 3170 285.
1494 3112 1554 3184 4,
1586 3112 1699 3186 37,
1731 3102 1907 3190 105),
1951 3112 2401 3187 provinciarum

358 3200 421 3256 et
465 3197 681 3257 Italiae
724 3200 790 3256 18
834 3199 964 3258 1818
1010 3198 1175 3257 civili
1219 3198 1597 3259 diversitates
1643 3199 1974 3259 enarrando
2031 3192 2123 3280 (1,
2171 3202 2237 3275 6·
2287 3202 2403 3276 20,

362 3289 945 3366 100-10231053
995 3288 1150 3363 183,
1192 3289 1348 3363 185,
1389 3291 1545 3363 197,
1587 3291 1732 3349 200.
1782 3291 1842 3364 2,
1876 3292 1940 3365 7,
1979 3291 2092 3364 21,
2133 3291 2246 3364 24,
2286 3293 2403 3364 27,

362 3377 473 3450 31,
513 3377 624 3451 46,
667 3332 776 3450 63,
818 3378 962 3436 278.
1014 3378 1072 3452 3,
1104 3380 1258 3452 121,
1301 3379 1445 3436 122.
1494 3379 1555 3452 4,
1597 3373 1772 3454 109).
1865 3377 2207 3454 Eodemque
2266 3397 2404 3455 per·

357 3467 531 3541 tinet,
580 3465 739 3542 quod
784 3485 904 3525 non
950 3466 1127 3526 modo
1193 3467 1458 3539 edietum
1520 3466 1819 3541 urbicum,
1884 3467 1987 3526 sed
2033 3468 2218 3528 etiam
2263 3488 2405 3544 pro-

355 3555 611 3614 vinciale
657 3558 980 3631 separatim
1019 3556 1248 3633 primus
1287 3560 1349 3616 et
1385 3557 1548 3617 solus
1594 3558 2028 3634 interpretatus
2065 3560 2174 3632 est,
2214 3557 2405 3633 quod-
