2650 3917
379 155 474 229 *74
1053 153 1421 209 MASVRIVs
1459 154 1783 210 SABINVS.

385 317 592 383 tutela
663 315 957 382 mulieri1
1020 316 1325 401 praelata.
1417 318 1612 382 etiam
1681 318 1990 383 aduersus
2056 340 2249 403 quem
2312 319 2412 384 ad-

387 407 680 492 fuissent,
727 407 865 471 eius
911 405 1068 470 filiis
1114 410 1365 471 tutores
1411 406 1622 472 relicti
1677 408 1746 471 in
1792 407 2012 472 eadem
2069 430 2260 473 causa
2305 431 2411 493 pu-

385 495 547 581 pillo
594 496 902 561 aderant'.
956 534 1030 542 —
1088 495 1245 562 Gall.
1284 496 1348 581 5,
1389 497 1489 575 13,
1527 496 1586 560 5.

1019 727 1143 780 DE
1175 728 1238 781 F
1244 727 1350 782 VR
1358 727 1482 782 TIS
1513 727 1789 781 LIBER.

332 861 358 902 5
521 837 575 901 7.
626 833 1092 899 ‘Manifestum’
1124 839 1344 899 autem
1383 836 1651 899 ‘furtum
1682 836 1825 918 est',
1854 839 1926 899 ut
1955 835 2047 899 ait
2074 834 2413 920 Masurius,

389 924 585 1010 ‘quod
631 923 1149 1008 deprehenditur,
1194 923 1348 988 dum
1394 925 1487 988 fit.
1578 885 1855 988 faciendi
1901 924 2050 988 finis
2097 928 2222 1008 661,
2270 946 2413 988 611111

386 1013 710 1100 perlatum
748 1017 865 1098 est,
904 1035 1032 1097 quo
1070 1014 1226 1078 ferri
1273 1015 1614 1099 coeperat'.
1703 1014 1864 1077 furti
1902 1014 2215 1098 concepti,
2261 1014 2413 1078 item

387 1102 618 1188 0101611,
663 1102 849 1187 tripli
893 1124 1101 1187 poena
1146 1106 1261 1167 est.
1354 1103 1466 1168 sed
1513 1103 1685 1186 quod
1732 1103 1816 1167 sit
1864 1101 2184 1187 oblatum,
2244 1103 2414 1205 (111οᾶ

387 1196 797 1276 conceptum,
853 1196 917 1256 et
981 1191 1286 1276 pleraque
1342 1191 1469 1256 alia
1514 1191 1596 1255 ad
1641 1213 1781 1256 eam
1827 1212 1964 1256 rem
2011 1213 2091 1255 ex
2136 1193 2413 1277 egregiis

307 1310 360 1350 10
385 1287 680 1347 ueterum
725 1280 1015 1346 moribus
1062 1284 1323 1365 accepta
1357 1302 1567 1365 neque
1603 1279 1861 1345 inutilia
1897 1280 2163 1366 cognitu
2206 1301 2415 1365 neque

386 1370 735 1436 iniucunda
772 1373 885 1455 qui
919 1371 1133 1456 legere
1179 1369 1376 1454 uolet,
1421 1371 1706 1434 inueniet
1745 1367 1970 1434 Sabini
2007 1369 2267 1451 librum,
2315 1370 2417 1434 cui

385 1460 617 1524 titulus
655 1464 754 1524 est
791 1459 869 1523 de
914 1457 1163 1524 furtis.²
1252 1459 1321 1522 in
1359 1481 1486 1544 quo
1530 1458 1592 1522 id
1640 1480 1894 1544 quoque
1940 1460 2258 1542 scriptum
2301 1463 2417 1541 est,

388 1549 563 1633 quod
607 1547 803 1635 uolgo
850 1549 1260 1632 inopinatum
1300 1552 1417 1632 est,
1460 1570 1592 1613 non
1636 1547 1973 1612 hominum
2018 1551 2274 1612 tantum
2310 1570 2419 1612 ne-

388 1660 513 1722 que
559 1659 774 1702 rerum
820 1637 1240 1721 mouentium,
1288 1659 1452 1721 quae
1497 1638 1737 1702 auferri
1775 1636 2026 1702 occulte
2063 1641 2127 1701 et
2167 1636 2419 1721 subripi

309 1753 358 1794 15
388 1731 688 1813 possunt,
763 1725 873 1790 sed
925 1726 1111 1791 fundi
1177 1748 1433 1812 quoque
1490 1731 1553 1791 et
1617 1726 1873 1790 aedium
1936 1726 2079 1790 fieri
2141 1726 2422 1810 furtumt,

388 1817 881 1881 condemnatum
931 1837 1187 1899 quoque
1231 1815 1392 1879 furti
1439 1815 1757 1900 colonum,
1803 1815 1916 1900 qui
1957 1814 2179 1899 fundo,
2226 1837 2419 1900 quem

388 1905 807 1989 conduxerat,
863 1904 1127 1969 uendito
1183 1905 1590 1988 possessione
1647 1905 1783 1970 eius
1839 1903 2170 1969 dominum
2227 1905 2424 1970 inter-

386 1996 707 2060 uertisset.
800 1997 994 2079 atque
1031 1994 1098 2057 id
1136 1994 1352 2078 etiam,
1399 1994 1573 2079 quod
1612 1994 1820 2079 magis
1868 1993 2264 2077 inopinabile
2303 1998 2422 2077 est,

390 2083 668 2149 Sabinus
716 2083 871 2147 dicit
917 2083 1127 2148 furem
1175 2104 1316 2147 esse
1361 2081 1645 2148 hominis
1691 2083 2067 2166 iudicatum,
2112 2083 2225 2167 qui
2272 2105 2424 2147 cum

307 2199 360 2239 ιο
386 2173 707 2259 fugitiuus
782 2177 1037 2257 praeter
1109 2171 1330 2237 oculos
1394 2173 1563 2236 forte
1626 2172 1870 2236 (101111111
1933 2172 2082 2257 iret,
2146 2171 2424 2237 obtentu

386 2267 577 2349 togae
631 2266 963 2346 tamquam
1020 2283 1088 2326 se
1139 2262 1472 2344 amiciens,
1526 2283 1607 2325 ne
1661 2260 1989 2326 uideretur
2043 2283 2081 2324 a
2137 2261 2425 2345 domino,

388 2352 790 2417 obstitisset!
816 2388 900 2398 -—-
953 2350 1109 2417 Gell.
1153 2351 1253 2434 11,
1297 2351 1399 2433 18,
1440 2313 1609 2415 1'1—
1619 2351 1717 2415 14.

1174 2579 1487 2636 PASTOR
1501 2580 1633 2635 VM.

513 2691 566 2757 8.
612 2690 935 2756 Masurius
1009 2691 1326 2756 fastorum
1404 2690 1682 2755 secundo
1751 2688 2181 2754 ‘Vinaliorum
2248 2688 2430 2773 dies'‚

309 2806 359 2846 25
389 2780 622 2864 inquit,
670 2778 838 2844 ‘Ioui
885 2802 1063 2844 sacer
1100 2783 1215 2864 est,
1251 2801 1401 2864 non,
1446 2784 1522 2845 ut
1561 2778 1822 2863 quidam
1860 2782 2109 2862 putant,
2138 2777 2428 2843 Veneri'.

390 2904 473 2916 -—
522 2869 805 2933 Macrob.
854 2867 984 2934 Sat.
1029 2871 1084 2951 1,
1120 2869 1182 2953 4,
1220 2869 1278 2933 6.

521 2957 575 3022 9.
622 2957 947 3021 Masurius
1013 2958 1210 3021 etiam
1276 2957 1556 3022 secundo
1621 2957 1939 3022 fastorum
1997 2955 2431 3022 ‘Liberalium

387 3047 569 3130 dies'‚
613 3046 845 3131 inquit,
894 3047 954 3110 ‘a
991 3047 1410 3130 pontificibus
1454 3046 1760 3132 agonium
1797 3044 2094 3110 Martiale
2141 3045 2436 3131 appella-

386 3135 535 3200 tur'.
582 3173 671 3182 —
717 3136 998 3200 Macrob.
1037 3135 1170 3201 Sat.
1213 3137 1269 3222 1,
1306 3137 1367 3221 4,
1412 3136 1511 3200 15.

534 3332 586 3399 1)
623 3328 887 3383 muliebri
937 3329 1146 3385 Carrio.
1295 3332 1348 3400 2)
1391 3331 1627 3397 ‘frustra
1662 3336 1818 3395 sumt,
1874 3332 1972 3399 qui
2014 3330 2159 3384 hanc
2204 3338 2437 3399 partem

387 3402 557 3468 fuisse
611 3402 876 3456 librorum
924 3401 988 3456 de
1035 3403 1155 3456 iure
1210 3403 1365 3456 civili
1416 3404 1738 3471 opinantur.
1813 3418 1880 3456 ex
1932 3418 2095 3470 eoque
2140 3401 2207 3455 de
2253 3403 2438 3469 fua-tie

386 3472 1270 3599 zmmegggrgetzwvfliwmanifesti
1323 3473 1693 3541 definit-ionem
1734 3472 1972 3527 Gellium
2018 3475 2243 3543 petiisse
2290 3481 2440 3530 certe
