2650 3917
317 137 405 202 30
1128 138 1187 191 L.
1228 136 1349 192 CIN
1353 136 1473 192 CIV
1474 137 1527 193 S.

317 302 683 388 significare
729 301 929 386 idem,
974 301 1152 386 quod
1203 301 1566 385 prohibere.
1611 338 1702 348 —
1754 301 1923 367 Fest.
1955 324 2013 368 v.
2039 324 2359 385 peremere

344 499 351 511 ·’
450 482 537 546 18.
585 479 993 545 ‘Reconduit'
1022 478 1376 565 refecerit²‚
1403 477 1514 544 ut'
1542 429 1816 545 condere
1857 480 2087 546 urbem
2123 482 2354 566 facere,

317 570 671 655 aedificare,
707 573 782 634 ut
812 567 1072 634 Cincius
1109 569 1435 633 testatur
1415 591 1486 633 1n
1517 569 1690 634 libro
1720 569 1798 633 de
1835 570 2054 634 uerbis
2099 570 2352 654 priscis

264 684 288 725 5
314 660 481 725 Fest.
517 681 571 724 v.
608 660 1010 724 reconductae
1039 679 1110 740 Ρ.
1149 659 1298 723 277.

366 771 371 808 1
449 749 537 813 19.
586 746 848 813 Cincius
895 748 974 812 de
1029 747 1246 811 uerbis
1299 747 1533 831 priscis
1581 748 1674 813 sic
1719 747 1839 813 ait:
1905 747 2354 826 ‘Quemadmo-

319 836 473 901 dum
508 838 718 902 omnis
747 838 881 902 fere
908 837 1183 901 materia
1215 836 1505 900 nondum
1550 835 1867 901 formata⁸
1911 838 2092 902 rudis
2137 838 2357 922 appel⁴

314 925 516 1011 latur,
563 927 735 992 sicut
796 926 1259 991 uestimentum
1323 924 1520 990 rude*
1580 947 1712 990 non
1775 927 2198 1011 perpolitum,
2264 929 2358 993 sic

317 1038 425 1081 aes
481 1016 793 1081 infectum
849 1015 1064 1080 rudus.
1158 1011 1348 1099 quia⁵
1393 1015 1565 1098 apud
1609 1016 1832 1080 aedem
1869 1015 2199 1101 Apollinis
2245 1039 2356 1081 aes

237 1130 290 1172 ιο
318 1103 709 1170 conflatum⁶
754 1104 970 1189 iacuit,
1009 1105 1076 1168 id
1113 1104 1194 1168 ad
1239 1101 1476 1168 rudus⁷
1522 1104 1961 1189 appellabant:
2016 1112 2073 1172 et
2116 1105 2360 1171 adhuc⁸

322 1195 392 1258 in
436 1194 887 1259 aestimatione
943 1194 1233 1258 censoria
1277 1215 1386 1258 aes
1433 1193 1746 1259 infectum
1791 1192 2031 1259 rudus⁹
2074 1195 2357 1279 appeHa-

316 1287 442 1348 tur.
528 1282 799 1348 rudiarii
860 1283 940 1347 ab
999 1283 1222 1347 eodem
1270 1283 1597 1366 dicuntur,
1662 1284 1836 1367 quod
1847 1282 1900 1323 ¹⁰
1963 1293 2121 1370 sag‘a
2182 1306 2358 1350 noua

316 1371 670 1457 poliunt’.¹1
715 1410 805 1419 —
848 1372 1016 1438 Fest.
1060 1394 1114 1437 v.
1159 1373 1354 1438 rodus
1385 1393 1456 1453 Ρ.
1494 1370 1643 1437 265.

375 1515 378 1520 .
452 1461 548 1528 20.
595 1462 1004 1543 Tuditantes,
1075 1461 1423 1526 tundentes
1494 1463 1806 1545 neyotium
1877 1464 1922 1526 i.
1968 1483 2016 1526 e.
2090 1467 2356 1546 ayentes

238 1577 290 1618 ιε
320 1551 687 1637 significare
750 1550 845 1615 ait
910 1549 1170 1615 Cincius
1217 1552 1293 1615 de
1340 1550 1548 1616 uerbis
1596 1552 1849 1634 priscis,
1853 1549 1905 1588 ²²
1951 1552 2251 1618 ——Fest
2298 1575 2354 1618 v.

317 1641 661 1706 tuditamtes
690 1662 761 1724 Ρ.
800 1638 948 1705 352.

451 1730 539 1794 21.
589 1728 867 1795 Gentilis
922 1728 1161 1794 dicitur
1215 1732 1280 1792 ct
1339 1750 1419 1792 ex
1475 1728 1701 1799 eodem
1757 1751 1989 1815 genere
2051 1734 2232 1794 ortus
2288 1734 2357 1795 et

317 1819 394 1901 18,
440 1819 553 1904 qui
601 1817 800 1883 simili
846 1819 1110 1882 nomine
1156 1817 1539 1902 appellatur,
1586 1822 1660 1883 ut
1697 1818 1790 1883 ait
1828 1816 2114 1884 Cincius:
2165 1818 2356 1884 Gen-

316 1870 466 1972 tiles
512 1906 675 1972 mihi
714 1912 883 1992 sunt,
922 1908 1032 1991 qui
1071 1928 1217 1972 meo
1252 1907 1516 1972 nomine
1562 1907 2012 1992 appellantur'.
2043 1945 2130 1956 —
2164 1909 2355 1975 Pcml.

236 2023 289 2064 20
317 2018 406 2079 εΡ.
443 1998 611 2063 Fest.
647 2020 702 2062 v.
736 1997 990 2080 yent‘dis
1020 2017 1093 2079 Ρ.
1132 1997 1236 2061 94.

451 2086 548 2152 22.
595 2087 794 2152 Natio
847 2089 921 2152 in
984 2087 1199 2151 eadem
1261 2092 1433 2151 terra
1485 2086 1808 2151 hominum
1859 2107 2055 2168 yenus
2108 2090 2354 2152 natum.

318 2173 573 2242 Cincius
613 2197 809 2259 yenus
851 2177 1192 2255 hominum,
1239 2177 1351 2258 qui
1394 2196 1522 2240 non
1568 2175 1828 2240 aliunde
1869 2179 2195 2259 uenerunt,
2242 2177 2355 2240 sed

315 2265 410 2329 ibi
454 2267 596 2330 nati
640 2272 802 2343 sunt,
848 2266 1203 2350 siqnificcml
1238 2266 1349 2344 ait,
1394 2265 1679 2347 idemque
1721 2264 2053 2329 nationem
2091 2265 2182 2329 ait
2226 2286 2358 2330 non

315 2361 563 2420 tantum
605 2356 958 2421 unium-sim
1004 2356 1080 2419 de
1123 2354 1438 2438 omnibus,
1484 2354 1598 2417 sed
1642 2356 1838 2419 etiam
1883 2355 1961 2419 de
2011 2355 2357 2437 sinqulmri·

236 2469 288 2510 25
318 2445 430 2509 bus
492 2445 848 2510 hominibus
907 2443 1247 2508 seiunctim
1293 2444 1424 2508 dici
1465 2443 1671 2509 solere.
1735 2480 1826 2490 —
1886 2444 2052 2509 Fest.
2087 2465 2142 2508 v.
2179 2445 2357 2510 natio

303 2553 358 2615 p
451 2622 547 2687 23.
594 2620 848 2687 Naccae
892 2620 1303 2706 appellantur
1347 2620 1549 2708 uulgo
1610 2620 1920 2705 fullones,
1971 2625 2048 2685 ut
2092 2621 2186 2685 ait
2232 2619 2358 2686 Cu-

316 2711 575 2795 riatius,
641 2711 813 2795 quod
867 2711 1055 2775 nauci
1067 2709 1120 2747 ¹³
1182 2732 1314 2774 non
1372 2710 1531 2796 sint,
1595 2710 1663 2774 id
1728 2711 1902 2795 quod
1948 2715 2047 2775 est
2108 2710 2357 2776 nullius

316 2800 527 2885 pretii.
620 2800 791 2864 idem
874 2800 1070 2864 sentit
1155 2803 1221 2863 et
1305 2798 1586 2865 Cincius.
1653 2837 1738 2846 —
1803 2800 1969 2865 Fest.
2024 2823 2078 2865 v.
2129 2820 2363 2866 naccae

236 2915 290 2956 30
309 2912 376 2973 Ρ.
419 2889 563 2954 166.

463 3103 514 3172 1)
551 3101 847 3157 reconduit
880 3100 1142 3155 refecerit
1170 3101 1288 3155 Ην..
1344 3099 1720 3154 reconductae
1752 3099 1952 3154 fecerit
1977 3099 2093 3154 cod.
2203 3099 2258 3168 2)
2298 3100 2360 3152 et

316 3175 430 3229 cod.
579 3176 632 3244 3)
670 3173 920 3227 nondum
955 3171 1200 3225 formata
1237 3173 1356 3227 Hu.
1412 3188 1526 3225 non
1563 3171 1881 3227 deformata
1915 3171 2030 3225 cod.
2168 3171 2225 3240 4)
2260 3186 2358 3223 ru-

318 3245 447 3299 dem
483 3245 596 3300 cod
736 3246 790 3315 5)
825 3244 1000 3297 rudus
1037 3243 1173 3311 quia
1201 3244 1320 3298 Hu.
1376 3244 1550 3297 rudus
1590 3243 1779 3297 cuium
1817 3243 1931 3298 eod.
1986 3240 2357 3296 rudusculum

316 3317 435 3372 edd.
566 3319 619 3387 6)
655 3315 930 3370 infectum
966 3316 1087 3369 Hu.
1234 3317 1287 3384 7)
1323 3314 1386 3368 id
1424 3313 1498 3368 ad
1532 3315 1707 3368 rudus
1743 3315 1857 3369 cod.
1914 3314 2113 3367 aedem
2152 3313 2226 3367 ad
2262 3330 2358 3366 ru-

319 3388 421 3442 dus
461 3389 580 3443 Hu.
727 3390 780 3456 8)
815 3388 1089 3457 supplevit
1133 3387 1249 3441 Hu.
1372 3388 1425 3456 9)
1462 3385 1619 3439 rudis
1656 3386 1988 3454 cod.10)
2025 3384 2125 3452 qui
2162 3385 2277 3439 cod.

320 3460 407 3529 11)
446 3459 741 3529 postrema
792 3460 957 3514 verba
991 3459 1222 3526 fortasse
1257 3475 1460 3513 novum
1496 3458 1655 3513 Festi
1689 3458 1884 3513 lemma
1918 3457 2091 3512 ΜΡ.
2129 3456 2249 3510 Hu.

320 3534 408 3603 12)
442 3531 623 3601 suppl.
661 3532 853 3586 Hertz.
1001 3530 1089 3597 13)
1123 3529 1293 3583 nanci
1330 3531 1443 3585 cod
