2650 3917
382 127 472 192 54
1053 127 1375 181 GRANIVS
1412 126 1746 184 FLAGCVS.

382 291 451 355 in
486 291 673 375 libro,
712 312 904 374 quem
941 290 1023 353 ad
1060 288 1393 355 Gaesarem
1432 292 1509 356 de
1553 291 2058 377 indigitamentis
2105 293 2419 376 scriptum

380 379 661 463 reliquit.
708 418 797 425 -—
846 377 1163 444 Censorin.
1204 381 1261 463 3,
1300 380 1360 444 2.

516 468 572 533 2.
618 466 781 533 Item
818 468 1067 533 Boeotii
1119 468 1505 534 Parnassum
1553 473 1835 533 montem
1873 467 2167 552 Apollini
2213 491 2422 533 sacra-

382 560 525 622 tum
574 578 710 622 esse
767 561 1192 621 memorantes
1249 558 1443 622 simul
1496 561 1712 621 tamen
1769 558 1836 621 in
1898 559 2121 623 eodem
2168 563 2233 622 et
2280 580 2421 623 ora-

328 673 353 712 5
382 649 598 711 culum
645 646 1033 731 Delphicum
1082 651 1146 711 et
1191 647 1528 730 speluncas
1566 645 1912 712 Bacchicas
1951 649 2066 711 uni
2104 647 2221 712 deo
2269 669 2420 712 con-

381 740 656 802 secratas
717 736 953 800 colunt.
1045 736 1214 800 unde
1262 740 1326 800 et
1370 734 1668 820 Apollini
1722 739 1787 799 et
1832 735 2065 802 Libero
2121 738 2292 822 patri
2347 737 2424 801 in

381 826 603 889 eodem
665 829 883 889 monte
946 847 1046 890 res
1123 825 1343 889 diuina
1405 824 1779 889 celebratur.
1885 826 2058 908 quod
2131 847 2277 890 cum
2352 831 2428 890 et

380 912 589 979 Varro
642 918 708 978 et
764 912 1040 978 Granius
1087 912 1353 979 Flaccus
1410 914 1774 997 adfirment,
1834 915 2027 979 etiam
2073 913 2423 998 Euripides

379 1004 483 1085 his
507 1001 677 1090 (scil.
706 1001 1008 1090 versibus)
1048 1002 1235 1068 docet
1272 1010 1374 1067 ete.
1422 1041 1505 1048 —
1556 1003 1838 1068 Macrob.
1867 1001 2000 1068 Sat.
2035 1004 2090 1086 1,
2124 1003 2225 1086 18,
2256 1003 2324 1087 33
2352 1004 2424 1069 4.

300 1119 352 1158 ιο
513 1092 567 1156 3.
615 1090 998 1157 Aristoteles
1008 1143 1025 1175 ‚
1098 1096 1175 1155 ut
1237 1090 1511 1156 Granius
1577 1096 1917 1174 memorat,
1987 1093 2090 1157 uir
2153 1093 2424 1178 ingenio

378 1185 761 1265 praepotens
828 1185 1019 1265 atque
1083 1181 1152 1245 in
1226 1182 1520 1246 doctrina
1580 1181 1991 1265 praecipuuS‚
2055 1180 2428 1248 Mineruam

380 1291 520 1334 esse
566 1269 814 1334 Lunam
858 1270 1304 1354 probabilibus
1363 1271 1758 1356 argumentis
1803 1270 2085 1354 explicat
2129 1273 2193 1335 et
2244 1271 2429 1336 litte-

381 1363 521 1424 rata
567 1361 948 1425 auctoritate
996 1361 1410 1443 demonstrat.
1456 1396 1546 1406 —
1591 1359 1825 1424 Arnob.
1874 1360 1933 1442 3,
1972 1358 2074 1423 31.

514 1448 572 1513 4.
618 1447 1005 1513 Nouensiles
1051 1428 1203 1512 Piso
1252 1448 1403 1513 deos
1456 1469 1593 1512 esse
1650 1448 1854 1514 credit
1906 1469 2142 1513 nouem
2188 1449 2257 1513 in
2306 1446 2427 1514 Sa-

301 1562 352 1604 15
382 1537 549 1602 binis
610 1537 779 1621 apud
835 1537 1131 1602 Trebiam
1189 1537 1596 1602 constitutos.
1688 1536 1809 1602 hos
1867 1535 2141 1603 Granius
2195 1535 2427 1604 Musas

379 1629 583 1710 putat,
623 1647 1001 1692 consensum
1040 1626 1535 1691 adcommodans
1571 1624 1780 1692 Aelio,
1821 1658 1904 1673 —·—
1942 1626 2177 1692 Arnob.
2217 1627 2277 1709 3,
2311 1626 2427 1693 38.

379 1717 453 1796 cf.
490 1736 687 1796 supra
718 1738 789 1797 p.
832 1715 887 1782 7.
936 1716 1039 1780 32.

512 1804 566 1869 5.
616 1803 741 1869 Sed
790 1809 853 1869 et
899 1804 1050 1870 deos
1100 1802 1513 1869 Conserentis
1567 1804 1710 1888 pari
1764 1826 1941 1869 more
1997 1827 2072 1870 ac
2118 1804 2424 1870 dissimu-

379 1891 623 1958 latione
670 1898 993 1961 taceamus
1003 1946 1021 1979 ‚
1074 1915 1235 1976 quos
1285 1914 1430 1957 cum
1480 1895 1706 1958 ceteris
1762 1894 1991 1958 scribit
2033 1893 2299 1959 Flaccus
2349 1895 2432 1968 in

300 2009 352 2048 20
378 1981 647 2048 humani
689 1983 876 2068 penis
924 1982 1413 2048 similitudinem
1457 2004 1680 2048 uersos
1720 1983 2010 2048 obruisse
2049 2005 2116 2048 se
2162 1983 2369 2048 cineri
2381 1983 2430 2065 ¹,

380 2071 491 2154 qui
538 2070 658 2136 sub
707 2072 907 2137 ollula
961 2072 1172 2137 fuerat
1225 2072 1436 2136 factus
1493 2075 1813 2136 extorum:
1870 2094 2059 2157 quem
2105 2092 2250 2137 cum
2297 2072 2431 2139 Ta-

378 2161 602 2244 naquil
649 2161 1007 2225 dimoueret
1060 2161 1362 2225 Etruriae
1427 2161 1913 2245 disciplinarum
1968 2162 2205 2246 perita,
2271 2163 2432 2227 sub-

379 2251 621 2314 rexisse
666 2272 735 2314 se
773 2250 924 2315 deos
964 2254 1028 2314 et
1072 2250 1286 2314 neruis
1338 2249 1717 2315 obduruisse
1762 2250 2018 2315 diuinis.
2112 2249 2433 2317 Cornicu-

378 2335 600 2402 lanae2
661 2339 808 2403 inde
872 2339 1287 2423 imperauisse
1353 2340 1672 2423 captiuae,
1749 2343 1820 2403 ut
1884 2338 2288 2425 intellegeret
2358 2348 2435 2407 et

300 2453 349 2493 25
379 2432 779 2512 agnosceret,
847 2429 1003 2511 quid
1059 2428 1184 2493 sibi
1228 2450 1330 2493 res
1394 2426 1701 2493 uellent⁸t
1768 2427 2081 2494 Ocrisiam
2142 2429 2435 2512 pruden-

379 2515 736 2581 tissimam4
764 2517 1071 2581 feminam
1101 2517 1332 2581 diuos
1316 2518 1661 2582 inseruisse
1698 2517 1992 2604 genitali:
2031 2518 2433 2623 explicuisse

378 2609 592 2669 motus
661 2610 889 2671 certos,
981 2610 1137 2671 tunc
1201 2610 1423 2672 sancta
1488 2603 1895 2671 efferuentia⁶
1957 2608 2223 2671 numina
2282 2610 2431 2674 uim

378 2695 706 2760 uomuisse
751 2695 986 2761 Lucilii
1042 2717 1118 2760 ac
1174 2717 1394 2781 regem
1451 2694 1746 2760 Seruium
1804 2699 2032 2760 natum
2094 2718 2233 2761 esse
2290 2696 2434 2762 Ro-

381 2805 659 2849 manum.
709 2823 793 2831 —
840 2785 1079 2851 Arnob„
1113 2787 1174 2868 5,
1216 2785 1316 2849 18.

300 2900 352 2939 ³0
513 2875 567 2939 6.
615 2873 811 2939 Ricae
860 2877 924 2938 et
968 2874 1208 2938 riculae
1252 2877 1568 2938 uocantur
1613 2895 1814 2958 parua
1859 2875 2115 2957 ricinia,
2165 2878 2240 2938 ut
2285 2876 2436 2959 pal-

378 2960 532 3026 liola
579 2962 659 3027 ad
705 2985 894 3027 usum
941 2963 1169 3047 capitis
1227 2962 1414 3028 facta.
1499 2960 1776 3029 Granius
1830 2964 2089 3046 quidem
2136 2964 2231 3027 ait
2277 2986 2434 3031 esse

379 3156 747 3226 magistratus
784 3157 1165 3226 d(um)t(axat)
1223 3172 1351 3209 cum
1407 3155 1719 3209 senioribus
1772 3155 2100 3210 deliberare
2179 3156 2441 3214 alterum

381 3227 455 3281 ad
491 3231 714 3296 portam
752 3226 1047 3297 Capenam,
1085 3228 1318 3281 tertium
1355 3227 1499 3280 citra
1527 3226 1725 3281 aedem
1762 3225 2047 3294 Bellonae,
2085 3227 2146 3281 in
2183 3245 2297 3295 quo
2330 3246 2438 3285 ex-

379 3302 629 3353 terarum
666 3300 962 3353 nationum
996 3297 1220 3368 legatis,
1264 3315 1406 3366 quos
1443 3298 1504 3350 in
1539 3298 1739 3352 urbem
1784 3298 2084 3352 admittere
2130 3299 2440 3373 nolebant,

380 3373 609 3424 senatus
647 3370 932 3424 dabatur’
967 3372 1086 3424 Hu.
1201 3372 1251 3438 1)
1290 3370 1476 3423 cinere
1508 3370 1581 3422 M
1578 3387 1807 3424 eursms
1920 3373 1974 3440 2)
2013 3346 2441 3428 Corniculanae

384 3442 658 3496 Gelenius,
717 3440 1014 3496 Cornicula
1049 3442 1163 3496 cod.
1277 3443 1329 3510 3)
1367 3440 1543 3496 uellet
1580 3442 1986 3507 Reifferscheid.
2110 3445 2164 3512 4)
2201 3442 2440 3512 puden

379 3513 657 3567 tissimam
697 3514 999 3568 Mem-sius.
1147 3514 1200 3582 ὅ)
1238 3511 1569 3566 effer-nentia
1611 3513 1815 3568 Oehler
1881 3516 1941 3569 et
1984 3513 2269 3568 feruentia
2301 3520 2442 3574 cod.
