2650 3917
350 133 475 198 128
680 132 780 186 AD
820 132 1057 188 GAIVM
1094 132 1447 188 PRAEFAT.
1485 132 1832 189 HVSCHKH
1866 134 1983 188 ΕΙ).
2021 135 2061 189 Ι.

343 303 507 362 modi
551 303 841 361 librorum
887 303 1070 362 fuisse
1115 302 1360 361 titulum
1396 303 1605 362 malim
1651 296 1905 379 opinari,
1944 298 2386 363 ‘Institutiones

341 394 491 452 iuris
547 387 762 453 civilis'
812 394 1055 452 auctore
1101 391 1377 451 Lactant.
1420 396 1476 466 1,
1518 396 1550 451 1
1612 391 1651 467 ξ
1702 395 1812 452 12:
1878 386 1983 451 ‘Et
2029 394 2083 451 si
2136 393 2384 468 quidam

342 481 666 557 prudentes
714 484 773 540 et
829 480 1045 541 arbitri
1108 480 1436 557 aequitatis
1498 481 1909 541 institutiones
1973 481 2168 541 civilis
2232 484 2383 542 iuris

345 572 705 646 compositas
743 569 1073 644 ediderunt,
1104 569 1318 645 quibus
1358 570 1578 630 civium
1615 569 2033 631 dissidentium
2069 570 2205 630 lites
2245 589 2381 631 con·

341 662 757 736 tentionesque
803 660 1087 735 sopirent,
1126 663 1352 735 quanto
1390 659 1604 718 melius
1640 678 1749 719 nos
1787 661 1849 718 et
1883 660 2105 719 rectius
2144 658 2381 719 divinas

340 750 755 808 institutiones
809 748 1030 808 litteris
1084 743 1581 824 persequemur‘P'
1638 749 1849 824 Neque
1905 747 2233 808 audiendus
2290 752 2384 808 est

342 838 741 897 Mommsenus
788 831 948 917 [Jur.
979 837 1143 897 Schr.
1172 837 1235 896 II
1263 841 1366 912 27,
1389 834 1484 913 3]‚
1534 839 1639 913 qui
1678 837 1982 898 Lactantii
2030 838 2163 897 loco
2209 838 2381 917 igno-

340 930 473 987 rato
513 930 575 986 et
620 928 836 1003 spretis
876 924 1247 1001 CollationiS,
1291 927 1552 1002 Boethii,
1597 926 2045 1004 Visigothorum
2094 930 2156 987 et
2200 927 2382 987 Iusti-

341 1017 510 1075 niani
561 1018 627 1075 in
679 1015 915 1075 Latinis
980 1015 1506 1076 constitutionibus
1567 1018 1630 1074 et
1673 1016 1735 1075 in
1799 1017 1947 1092 ipsis
1993 1016 2382 1094 Digestorum

339 1104 829 1182 inscriptionibus
872 1105 1233 1166 testimoniis
1279 1106 1603 1182 genuinum
1642 1105 1716 1165 iis
1753 1106 2002 1165 titulum
2039 1100 2380 1166 ‘Instituto-

339 1189 498 1253 rum'
515 1196 729 1255 asserit
747 1214 818 1252 ex
846 1196 1024 1253 unius
1044 1194 1338 1254 Prisciani
1356 1188 1765 1273 [grammatici
1784 1213 1933 1254 saec.
1946 1186 2135 1275 VsVI]
2149 1186 2279 1277 (lib.
2290 1194 2385 1255 VI

339 1304 396 1360 p.
438 1275 667 1363 726P.)
708 1277 794 1362 [p.
836 1284 982 1356 282,
1018 1283 1055 1340 8
1115 1283 1203 1342 ed.
1249 1276 1463 1362 Hertz]
1519 1286 1879 1344 auctoritate
1941 1276 2112 1365 (addi
2174 1288 2384 1345 tamen

341 1378 582 1450 poterat
615 1372 825 1432 Boeth.
873 1391 1082 1431 comm.
1127 1372 1193 1430 in
1241 1370 1361 1432 Cic.
1399 1372 1546 1448 Top.
1591 1372 1656 1431 Π
1698 1393 1755 1449 Ρ.
1796 1375 1941 1432 299.
1992 1375 2119 1433 303
2167 1367 2381 1454 Bait),

338 1481 478 1522 cum
514 1461 737 1521 dudum
764 1462 874 1520 Ev.
904 1459 1049 1521 Otto
1087 1479 1295 1520 comm.
1336 1461 1412 1521 ad
1448 1461 1593 1520 Inst.
1630 1483 1689 1538 p.
1723 1463 1759 1521 3
1800 1463 2024 1539 aliique
2062 1464 2179 1521 viri
2217 1463 2382 1522 docti

344 1551 713 1611 ostenderint
767 1552 1087 1625 scriptores
1141 1550 1382 1610 infimae
1428 1549 1782 1610 Latinitatis
1829 1555 1890 1610 et
1936 1552 2000 1609 in
2044 1552 2138 1612 his
2194 1553 2384 1611 etiam

341 1642 661 1718 scriptores
719 1640 1007 1715 quosdam
1063 1640 1490 1715 exemplarium
1544 1639 1867 1700 Iustiniani
1919 1641 2382 1700 Institutionum

343 1732 473 1789 eius
510 1730 574 1789 in
611 1729 794 1788 titulo
839 1730 1035 1805 operis
1081 1729 1192 1788 hoc
1237 1729 1420 1789 verbo
1457 1747 1595 1789 usos
1632 1747 1760 1789 esse
1797 1749 1866 1788 ex
1909 1730 2156 1789 licentia
2193 1728 2384 1789 Grae-

340 1837 550 1879 corum
623 1821 823 1879 totum
896 1836 1044 1894 opus
1108 1815 1179 1877 τὰ
1237 1814 1591 1878 Ἰνστίτουτα
1654 1810 1751 1899 (ut
1802 1814 1972 1878 ‘Flon
2019 1818 2139 1878 ind.
2191 1821 2383 1878 etiam

338 1908 522 1968 habet
569 1901 918 1968 ‘Definiton’
964 1926 1074 1983 pro
1119 1899 1657 1988 ‘Definitionum’),
1703 1908 1970 1986 singulos
2018 1909 2144 1969 eius
2189 1908 2383 1968 libros

339 1996 449 2075 τὴν
511 1996 783 2075 πρώτην,
846 1993 1123 2075 δευτέραν
1193 2000 1312 2056 κτλ.
1381 1988 1845 2057 Ἰνστιτουτίωνα
1917 1997 2383 2073 appeUantium.

341 2087 679 2147 Secundum
716 2103 786 2145 ea
813 2104 972 2157 vero,
1001 2104 1157 2161 quae
1192 2085 1266 2144 de
1304 2085 1484 2145 edicti
1521 2085 1693 2146 libris
1731 2086 2136 2164 singularibus
2174 2087 2383 2163 dispu-

336 2179 486 2250 tavi,
532 2193 641 2234 nec
686 2173 894 2234 dubito
934 2171 1151 2233 Gaium
1195 2175 1395 2250 ipsum
1440 2175 1586 2234 haec
1632 2175 1973 2236 rudimenta
2010 2195 2080 2235 eo
2126 2176 2384 2236 consilio

336 2265 644 2340 scripsisse
657 2257 697 2338 ¹,
743 2267 812 2323 ut
850 2259 937 2322 ‘in
982 2263 1342 2323 stationibus
1379 2266 1474 2322 ius
1509 2264 1746 2340 publice
1793 2259 2157 2324 docentium’
2195 2256 2385 2344 (Gen.

342 2357 444 2430 13,
476 2346 587 2435 13)
636 2354 712 2413 ab
759 2353 836 2411 iis
894 2353 1122 2429 potiuS,
1178 2371 1360 2429 quam
1414 2355 1484 2412 ut
1536 2354 1824 2413 hactenus
1882 2356 2251 2429 factitatum,
2298 2355 2385 2415 ab

338 2444 521 2503 edicti
564 2445 761 2520 prima
811 2446 984 2518 parte
1029 2442 1179 2502 iuris
1236 2441 1507 2503 studium
1561 2443 2001 2518 auspicaretur,
2067 2444 2225 2519 quod
2270 2462 2388 2519 pa·-

334 2536 487 2593 riter
531 2533 586 2591 ei
632 2534 903 2608 ineptum
948 2530 1143 2591 videri
1198 2531 1467 2607 debebat,
1516 2536 1696 2608 atque
1741 2532 1914 2592 nobis
1959 2533 2278 2608 videretur,
2330 2536 2390 2594 si

335 2624 476 2699 quis
525 2621 599 2680 ab
652 2621 857 2680 ordine
915 2619 1177 2696 quodam
1230 2620 1547 2680 iudiciario
1603 2621 1954 2697 explicando
2012 2627 2150 2681 ante
2198 2621 2391 2682 Insti-

485 2810 535 2876 1)
572 2805 692 2860 Nec
737 2807 994 2877 improbo
1033 2809 1140 2862 hoc
1183 2808 1267 2862 ita
1312 2812 1609 2878 acceptum
1623 2851 1637 2873 ‚
1682 2810 1748 2862 ut
1794 2812 2097 2877 antequam
2144 2808 2392 2865 Institu-

335 2878 520 2932 tiones
559 2895 688 2933 suas
726 2878 787 2932 in
831 2878 1125 2948 publicum
1171 2879 1382 2947 ederet,
1418 2896 1485 2933 ea
1520 2880 1649 2950 ipsa
1684 2880 1820 2947 fere,
1866 2896 2011 2948 quae
2059 2880 2394 2952 scripserat,

335 2949 462 3003 viva
499 2965 631 3003 voce
669 2949 1023 3005 auditoribus
1071 2951 1338 3019 traderet,
1384 2968 1553 3020 quam
1601 2950 1942 3006 sententiam
1986 2951 2245 3021 pluribus
2284 2967 2393 3008 ex-

335 3024 563 3075 secutus
601 3024 690 3076 est
725 3021 794 3076 H.
829 3021 1126 3091 Dernburg
1160 3021 1306 3076 libro
1348 3021 1466 3077 ‘die
1501 3022 1907 3077 Institutionen
1944 3023 2043 3077 des
2073 3022 2246 3078 Gaius
2285 3025 2392 3080 ein

337 3090 770 3163 Collegienheft'
813 3095 996 3163 (1869)
1042 3111 1097 3162 p.
1128 3098 1196 3147 38
1213 3110 1358 3162 seq.,
1403 3094 1571 3148 modo
1618 3111 1690 3149 ne
1735 3111 1805 3150 ex
1849 3093 2391 3152 commentariorum

335 3164 580 3232 nomine,
616 3181 729 3232 quo
759 3164 932 3220 Gaius
969 3165 1089 3231 hos,
1117 3168 1184 3219 ut
1221 3163 1364 3218 alios
1393 3164 1568 3219 libros
1597 3165 1773 3219 etiam
1801 3181 1897 3220 ore
1933 3181 2226 3248 nunquam
2261 3169 2389 3222 tra-

338 3235 506 3303 ditos,
542 3236 797 3291 modeste
835 3235 1174 3306 appellavit,
1221 3239 1617 3306 argumentum
1665 3236 1787 3291 eius
1843 3239 2158 3292 sententiae
2204 3235 2389 3294 ducas

335 3322 519 3375 neque
555 3307 664 3361 hac
700 3307 827 3377 ipsa
862 3308 1071 3376 forma,
1108 3324 1278 3375 quam
1326 3310 1584 3362 tenemus
1600 3351 1613 3375 ,
1671 3325 1739 3362 ex
1793 3307 2118 3363 auditorum
2155 3308 2389 3365 schedis

334 3377 395 3430 in
449 3376 743 3446 publicum
798 3395 892 3433 eos
957 3378 1234 3449 prodiisse
1299 3379 1564 3448 opineris.
1640 3376 1976 3448 Quanquam
2032 3379 2209 3434 etiam
2265 3380 2390 3437 alia

334 3448 698 3574 pleraquebeo
725 3450 786 3504 in
813 3449 959 3505 libro
997 3453 1246 3505 ceterum
1284 3449 1711 3521 elegantissime
1740 3450 1951 3520 scripto
1980 3450 2195 3519 insunt,
2233 3469 2389 3521 quae

339 3537 452 3574 non
489 3538 591 3590 pro
633 3538 683 3576 0.
