<?xml version="1.0" encoding="UTF-8"?>
<!DOCTYPE html PUBLIC "-//W3C//DTD XHTML 1.0 Transitional//EN"
    "http://www.w3.org/TR/xhtml1/DTD/xhtml1-transitional.dtd">
<html xmlns="http://www.w3.org/1999/xhtml" xml:lang="en" lang="en">
 <head>
  <title>
</title>
<meta http-equiv="Content-Type" content="text/html;charset=utf-8" />
  <meta name='ocr-system' content='tesseract 3.04.00' />
  <meta name='ocr-capabilities' content='ocr_page ocr_carea ocr_par ocr_line ocrx_word'/>
</head>
<body>
  <div class='ocr_page' id='page_1' title='image "./ivrisprvdentiae00kbgoog/ivrisprvdentiae00kbgoog_0018.png"; bbox 0 0 2650 3917; ppageno 0'>
   <div class='ocr_carea' id='block_1_1' title="bbox 365 140 1971 199">
    <p class='ocr_par' dir='ltr' id='par_1_1' title="bbox 365 140 1971 199">
     <span class='ocr_line' id='line_1_1' title="bbox 365 140 1971 199; baseline 0.003 -5"><span class='ocrx_word' id='word_1_1' title='bbox 365 140 496 195; x_wconf 81' lang='lat' dir='ltr'><strong>XIV</strong></span> <span class='ocrx_word' id='word_1_2' title='bbox 781 141 1129 197; x_wconf 82' lang='lat' dir='ltr'>HVSGHKII</span> <span class='ocrx_word' id='word_1_3' title='bbox 1163 142 1575 198; x_wconf 81' lang='lat' dir='ltr'>PRAEFATIO</span> <span class='ocrx_word' id='word_1_4' title='bbox 1616 143 1715 197; x_wconf 91' lang='lat' dir='ltr'><strong>AD</strong></span> <span class='ocrx_word' id='word_1_5' title='bbox 1752 143 1865 198; x_wconf 81' lang='grc' dir='ltr'>ΕΙ).</span> <span class='ocrx_word' id='word_1_6' title='bbox 1904 144 1971 199; x_wconf 91' lang='grc' dir='ltr'><strong>Π.</strong></span> 
     </span>
    </p>
   </div>
   <div class='ocr_carea' id='block_1_2' title="bbox 579 355 2188 532">
    <p class='ocr_par' dir='ltr' id='par_1_2' title="bbox 579 355 2188 532">
     <span class='ocr_line' id='line_1_2' title="bbox 579 355 2188 427; baseline 0.001 -3"><span class='ocrx_word' id='word_1_7' title='bbox 579 357 709 424; x_wconf 91' lang='lat' dir='ltr'><strong>HV</strong></span> <span class='ocrx_word' id='word_1_8' title='bbox 711 355 1008 424; x_wconf 86' lang='lat' dir='ltr'>SCHKII</span> <span class='ocrx_word' id='word_1_9' title='bbox 1052 359 1174 426; x_wconf 85' lang='lat' dir='ltr'><strong>AD</strong></span> <span class='ocrx_word' id='word_1_10' title='bbox 1220 358 1648 426; x_wconf 80' lang='lat' dir='ltr'><strong>ALTERAM</strong></span> <span class='ocrx_word' id='word_1_11' title='bbox 1692 358 2188 427; x_wconf 84' lang='lat' dir='ltr'>EDITIONEM</span> 
     </span>
     <span class='ocr_line' id='line_1_3' title="bbox 1128 465 1647 532; baseline 0.002 -1"><span class='ocrx_word' id='word_1_12' title='bbox 1128 465 1647 532; x_wconf 84' lang='lat' dir='ltr'>PRAEFATIO.</span> 
     </span>
    </p>
   </div>
   <div class='ocr_carea' id='block_1_3' title="bbox 356 594 2404 3260">
    <p class='ocr_par' dir='ltr' id='par_1_3' title="bbox 360 594 2404 2460">
     <span class='ocr_line' id='line_1_4' title="bbox 414 594 2399 677; baseline 0.002 -22"><span class='ocrx_word' id='word_1_13' title='bbox 414 669 421 677; x_wconf 35' lang='lat'><strong>·</strong></span> <span class='ocrx_word' id='word_1_14' title='bbox 505 594 736 676; x_wconf 74' lang='lat' dir='ltr'><strong>Certior</strong></span> <span class='ocrx_word' id='word_1_15' title='bbox 772 598 968 657; x_wconf 87' lang='lat' dir='ltr'><strong>factus</strong></span> <span class='ocrx_word' id='word_1_16' title='bbox 1006 617 1043 657; x_wconf 98' lang='lat' dir='ltr'><strong>a</strong></span> <span class='ocrx_word' id='word_1_17' title='bbox 1077 597 1436 674; x_wconf 79' lang='lat' dir='ltr'>bibliopola,</span> <span class='ocrx_word' id='word_1_18' title='bbox 1481 616 1634 674; x_wconf 89' lang='lat' dir='ltr'><strong>quae</strong></span> <span class='ocrx_word' id='word_1_19' title='bbox 1669 600 1932 674; x_wconf 89' lang='lat' dir='ltr'><strong>primum</strong></span> <span class='ocrx_word' id='word_1_20' title='bbox 1967 598 2143 658; x_wconf 90' lang='lat' dir='ltr'><strong>huius</strong></span> <span class='ocrx_word' id='word_1_21' title='bbox 2190 600 2399 658; x_wconf 91' lang='lat' dir='ltr'><strong>collec-</strong></span> 
     </span>
     <span class='ocr_line' id='line_1_5' title="bbox 364 685 2397 764; baseline 0.001 -19"><span class='ocrx_word' id='word_1_22' title='bbox 364 688 550 745; x_wconf 78' lang='lat' dir='ltr'><strong>tionis</strong></span> <span class='ocrx_word' id='word_1_23' title='bbox 588 685 952 763; x_wconf 84' lang='lat' dir='ltr'><strong>exemplaria</strong></span> <span class='ocrx_word' id='word_1_24' title='bbox 986 689 1151 763; x_wconf 81' lang='lat' dir='ltr'><strong>typis</strong></span> <span class='ocrx_word' id='word_1_25' title='bbox 1186 688 1478 764; x_wconf 85' lang='lat' dir='ltr'><strong>impressa</strong></span> <span class='ocrx_word' id='word_1_26' title='bbox 1516 690 1702 762; x_wconf 81' lang='lat' dir='ltr'><strong>erant,</strong></span> <span class='ocrx_word' id='word_1_27' title='bbox 1741 706 1810 746; x_wconf 90' lang='lat' dir='ltr'><strong>ea</strong></span> <span class='ocrx_word' id='word_1_28' title='bbox 1845 705 2031 764; x_wconf 92' lang='lat' dir='ltr'><strong>prope</strong></span> <span class='ocrx_word' id='word_1_29' title='bbox 2069 691 2272 748; x_wconf 86' lang='lat' dir='ltr'><strong>omnia</strong></span> <span class='ocrx_word' id='word_1_30' title='bbox 2310 689 2397 747; x_wconf 90' lang='lat' dir='ltr'><strong>di·</strong></span> 
     </span>
     <span class='ocr_line' id='line_1_6' title="bbox 365 775 2397 854; baseline 0.001 -20"><span class='ocrx_word' id='word_1_31' title='bbox 365 775 609 834; x_wconf 80' lang='lat' dir='ltr'><strong>vendita</strong></span> <span class='ocrx_word' id='word_1_32' title='bbox 648 793 800 850; x_wconf 88' lang='lat' dir='ltr'><strong>esse,</strong></span> <span class='ocrx_word' id='word_1_33' title='bbox 845 794 1181 851; x_wconf 83' lang='lat' dir='ltr'><strong>novamque</strong></span> <span class='ocrx_word' id='word_1_34' title='bbox 1219 776 1347 836; x_wconf 90' lang='lat' dir='ltr'><strong>eius</strong></span> <span class='ocrx_word' id='word_1_35' title='bbox 1395 775 1717 835; x_wconf 81' lang='lat' dir='ltr'><strong>editionem</strong></span> <span class='ocrx_word' id='word_1_36' title='bbox 1754 776 2106 853; x_wconf 84' lang='lat' dir='ltr'><strong>desiderari,</strong></span> <span class='ocrx_word' id='word_1_37' title='bbox 2154 797 2397 854; x_wconf 83' lang='lat' dir='ltr'>operam</span> 
     </span>
     <span class='ocr_line' id='line_1_7' title="bbox 367 864 2400 941; baseline 0.001 -18"><span class='ocrx_word' id='word_1_38' title='bbox 367 864 639 940; x_wconf 83' lang='lat' dir='ltr'><strong>equidem</strong></span> <span class='ocrx_word' id='word_1_39' title='bbox 691 864 854 940; x_wconf 90' lang='lat' dir='ltr'><strong>dedi,</strong></span> <span class='ocrx_word' id='word_1_40' title='bbox 904 869 973 924; x_wconf 92' lang='lat' dir='ltr'><strong>ut</strong></span> <span class='ocrx_word' id='word_1_41' title='bbox 1017 885 1114 938; x_wconf 89' lang='lat' dir='ltr'><strong>ea,</strong></span> <span class='ocrx_word' id='word_1_42' title='bbox 1166 868 1458 941; x_wconf 90' lang='lat' dir='ltr'><strong>quantum</strong></span> <span class='ocrx_word' id='word_1_43' title='bbox 1503 864 1633 925; x_wconf 89' lang='lat' dir='ltr'><strong>fieri</strong></span> <span class='ocrx_word' id='word_1_44' title='bbox 1681 868 1911 941; x_wconf 87' lang='lat' dir='ltr'><strong>posset,</strong></span> <span class='ocrx_word' id='word_1_45' title='bbox 1961 869 2022 925; x_wconf 89' lang='lat' dir='ltr'><strong>et</strong></span> <span class='ocrx_word' id='word_1_46' title='bbox 2068 867 2300 926; x_wconf 89' lang='lat' dir='ltr'><strong>auctior</strong></span> <span class='ocrx_word' id='word_1_47' title='bbox 2336 869 2400 926; x_wconf 91' lang='lat' dir='ltr'><strong>et</strong></span> 
     </span>
     <span class='ocr_line' id='line_1_8' title="bbox 367 953 2397 1032; baseline 0.002 -21"><span class='ocrx_word' id='word_1_48' title='bbox 367 954 737 1014; x_wconf 89' lang='lat' dir='ltr'><strong>emendatior</strong></span> <span class='ocrx_word' id='word_1_49' title='bbox 789 953 1072 1030; x_wconf 89' lang='lat' dir='ltr'><strong>prodiret.</strong></span> <span class='ocrx_word' id='word_1_50' title='bbox 1168 954 1285 1014; x_wconf 81' lang='lat' dir='ltr'><strong>sed</strong></span> <span class='ocrx_word' id='word_1_51' title='bbox 1339 956 1573 1032; x_wconf 79' lang='lat' dir='ltr'><strong>augeri,</strong></span> <span class='ocrx_word' id='word_1_52' title='bbox 1628 956 1681 1014; x_wconf 89' lang='lat' dir='ltr'><strong>si</strong></span> <span class='ocrx_word' id='word_1_53' title='bbox 1724 955 1891 1032; x_wconf 90' lang='lat' dir='ltr'><strong>ipsae</strong></span> <span class='ocrx_word' id='word_1_54' title='bbox 1939 955 2231 1031; x_wconf 81' lang='lat' dir='ltr'><strong>reliquiae</strong></span> <span class='ocrx_word' id='word_1_55' title='bbox 2277 956 2397 1015; x_wconf 89' lang='lat' dir='ltr'><strong>col·</strong></span> 
     </span>
     <span class='ocr_line' id='line_1_9' title="bbox 364 1042 2395 1124; baseline 0.001 -23"><span class='ocrx_word' id='word_1_56' title='bbox 364 1042 555 1102; x_wconf 85' lang='lat' dir='ltr'><strong>lectae</strong></span> <span class='ocrx_word' id='word_1_57' title='bbox 593 1046 965 1119; x_wconf 74' lang='lat' dir='ltr'><strong>spectantur,</strong></span> <span class='ocrx_word' id='word_1_58' title='bbox 1000 1046 1241 1102; x_wconf 88' lang='lat' dir='ltr'><strong>tantum</strong></span> <span class='ocrx_word' id='word_1_59' title='bbox 1276 1045 1342 1101; x_wconf 90' lang='lat' dir='ltr'><strong>in</strong></span> <span class='ocrx_word' id='word_1_60' title='bbox 1381 1043 1735 1119; x_wconf 86' lang='lat' dir='ltr'><strong>quibusdam</strong></span> <span class='ocrx_word' id='word_1_61' title='bbox 1772 1045 2094 1121; x_wconf 87' lang='lat' dir='ltr'><strong>superioris</strong></span> <span class='ocrx_word' id='word_1_62' title='bbox 2130 1046 2395 1124; x_wconf 88' lang='lat' dir='ltr'><strong>antiqui·</strong></span> 
     </span>
     <span class='ocr_line' id='line_1_10' title="bbox 363 1127 2396 1210; baseline 0.001 -19"><span class='ocrx_word' id='word_1_63' title='bbox 363 1133 511 1191; x_wconf 90' lang='lat' dir='ltr'><strong>tatis</strong></span> <span class='ocrx_word' id='word_1_64' title='bbox 548 1131 935 1209; x_wconf 78' lang='lat' dir='ltr'><strong>scriptoribus</strong></span> <span class='ocrx_word' id='word_1_65' title='bbox 948 1177 963 1208; x_wconf 91' lang='lat'><strong>,</strong></span> <span class='ocrx_word' id='word_1_66' title='bbox 1001 1152 1254 1208; x_wconf 88' lang='lat' dir='ltr'><strong>quorum</strong></span> <span class='ocrx_word' id='word_1_67' title='bbox 1289 1151 1485 1208; x_wconf 87' lang='lat' dir='ltr'><strong>pauca</strong></span> <span class='ocrx_word' id='word_1_68' title='bbox 1519 1127 1757 1192; x_wconf 86' lang='lat' dir='ltr'><strong>tantum</strong></span> <span class='ocrx_word' id='word_1_69' title='bbox 1794 1138 2140 1210; x_wconf 84' lang='lat' dir='ltr'><strong>supersunt,</strong></span> <span class='ocrx_word' id='word_1_70' title='bbox 2177 1135 2396 1210; x_wconf 86' lang='lat' dir='ltr'><strong>potuit,</strong></span> 
     </span>
     <span class='ocr_line' id='line_1_11' title="bbox 364 1221 2395 1297; baseline 0.001 -18"><span class='ocrx_word' id='word_1_71' title='bbox 364 1221 762 1297; x_wconf 81' lang='lat' dir='ltr'><strong>maximeque,</strong></span> <span class='ocrx_word' id='word_1_72' title='bbox 799 1221 1151 1281; x_wconf 85' lang='lat' dir='ltr'><strong>Mommseni</strong></span> <span class='ocrx_word' id='word_1_73' title='bbox 1195 1224 1439 1296; x_wconf 89' lang='lat' dir='ltr'><strong>merito,</strong></span> <span class='ocrx_word' id='word_1_74' title='bbox 1483 1224 1550 1280; x_wconf 93' lang='lat' dir='ltr'><strong>in</strong></span> <span class='ocrx_word' id='word_1_75' title='bbox 1585 1221 1830 1281; x_wconf 90' lang='lat' dir='ltr'><strong>Valerio</strong></span> <span class='ocrx_word' id='word_1_76' title='bbox 1874 1222 2089 1282; x_wconf 91' lang='lat' dir='ltr'><strong>Probo.</strong></span> <span class='ocrx_word' id='word_1_77' title='bbox 2181 1224 2395 1283; x_wconf 84' lang='lat' dir='ltr'><strong>Emen-</strong></span> 
     </span>
     <span class='ocr_line' id='line_1_12' title="bbox 365 1310 2395 1388; baseline 0.001 -19"><span class='ocrx_word' id='word_1_78' title='bbox 365 1310 637 1370; x_wconf 88' lang='lat' dir='ltr'><strong>dationes</strong></span> <span class='ocrx_word' id='word_1_79' title='bbox 682 1313 944 1386; x_wconf 89' lang='lat' dir='ltr'><strong>primum</strong></span> <span class='ocrx_word' id='word_1_80' title='bbox 991 1310 1173 1370; x_wconf 86' lang='lat' dir='ltr'><strong>officii</strong></span> <span class='ocrx_word' id='word_1_81' title='bbox 1218 1329 1399 1369; x_wconf 92' lang='lat' dir='ltr'><strong>causa</strong></span> <span class='ocrx_word' id='word_1_82' title='bbox 1437 1313 1498 1371; x_wconf 91' lang='lat' dir='ltr'><strong>et</strong></span> <span class='ocrx_word' id='word_1_83' title='bbox 1533 1314 1705 1388; x_wconf 85' lang='lat' dir='ltr'><strong>grato</strong></span> <span class='ocrx_word' id='word_1_84' title='bbox 1753 1314 1953 1370; x_wconf 88' lang='lat' dir='ltr'><strong>animo</strong></span> <span class='ocrx_word' id='word_1_85' title='bbox 2000 1330 2395 1371; x_wconf 88' lang='lat' dir='ltr'><strong>commemoro</strong></span> 
     </span>
     <span class='ocr_line' id='line_1_13' title="bbox 364 1399 2395 1477; baseline 0 -18"><span class='ocrx_word' id='word_1_86' title='bbox 364 1400 442 1458; x_wconf 88' lang='lat' dir='ltr'><strong>ad</strong></span> <span class='ocrx_word' id='word_1_87' title='bbox 478 1399 715 1459; x_wconf 89' lang='lat' dir='ltr'><strong>eosdem</strong></span> <span class='ocrx_word' id='word_1_88' title='bbox 758 1401 882 1458; x_wconf 88' lang='lat' dir='ltr'><strong>fere</strong></span> <span class='ocrx_word' id='word_1_89' title='bbox 928 1401 1246 1476; x_wconf 78' lang='lat' dir='ltr'><strong>scriptores</strong></span> <span class='ocrx_word' id='word_1_90' title='bbox 1282 1402 1649 1476; x_wconf 84' lang='lat' dir='ltr'><strong>pertinentes</strong></span> <span class='ocrx_word' id='word_1_91' title='bbox 1688 1419 1813 1477; x_wconf 87' lang='lat' dir='ltr'><strong>eas,</strong></span> <span class='ocrx_word' id='word_1_92' title='bbox 1852 1419 1999 1477; x_wconf 87' lang='lat' dir='ltr'><strong>quas</strong></span> <span class='ocrx_word' id='word_1_93' title='bbox 2038 1401 2221 1461; x_wconf 87' lang='lat' dir='ltr'><strong>debeo</strong></span> <span class='ocrx_word' id='word_1_94' title='bbox 2258 1401 2395 1460; x_wconf 91' lang='lat' dir='ltr'><strong>doc-</strong></span> 
     </span>
     <span class='ocr_line' id='line_1_14' title="bbox 363 1489 2398 1567; baseline 0.001 -20"><span class='ocrx_word' id='word_1_95' title='bbox 363 1490 612 1549; x_wconf 83' lang='lat' dir='ltr'><strong>tissimis</strong></span> <span class='ocrx_word' id='word_1_96' title='bbox 658 1489 831 1564; x_wconf 80' lang='lat' dir='ltr'><strong>viriS,</strong></span> <span class='ocrx_word' id='word_1_97' title='bbox 879 1490 985 1565; x_wconf 90' lang='lat' dir='ltr'><strong>qui</strong></span> <span class='ocrx_word' id='word_1_98' title='bbox 1024 1489 1102 1549; x_wconf 89' lang='lat' dir='ltr'><strong>de</strong></span> <span class='ocrx_word' id='word_1_99' title='bbox 1147 1491 1348 1566; x_wconf 90' lang='lat' dir='ltr'><strong>priore</strong></span> <span class='ocrx_word' id='word_1_100' title='bbox 1385 1489 1645 1549; x_wconf 87' lang='lat' dir='ltr'><strong>editione</strong></span> <span class='ocrx_word' id='word_1_101' title='bbox 1691 1490 1928 1567; x_wconf 90' lang='lat' dir='ltr'><strong>publice</strong></span> <span class='ocrx_word' id='word_1_102' title='bbox 1963 1491 2298 1550; x_wconf 87' lang='lat' dir='ltr'><strong>retulerunt</strong></span> <span class='ocrx_word' id='word_1_103' title='bbox 2336 1493 2398 1549; x_wconf 92' lang='lat' dir='ltr'><strong>et</strong></span> 
     </span>
     <span class='ocr_line' id='line_1_15' title="bbox 362 1578 2395 1655; baseline 0.001 -18"><span class='ocrx_word' id='word_1_104' title='bbox 362 1578 802 1653; x_wconf 83' lang='lat' dir='ltr'><strong>iudicaverunt,</strong></span> <span class='ocrx_word' id='word_1_105' title='bbox 858 1578 1034 1638; x_wconf 86' lang='lat' dir='ltr'><strong>Mart.</strong></span> <span class='ocrx_word' id='word_1_106' title='bbox 1081 1579 1329 1637; x_wconf 87' lang='lat' dir='ltr'><strong>Hertzio</strong></span> <span class='ocrx_word' id='word_1_107' title='bbox 1382 1580 1447 1637; x_wconf 90' lang='lat' dir='ltr'><strong>in</strong></span> <span class='ocrx_word' id='word_1_108' title='bbox 1501 1579 1870 1639; x_wconf 85' lang='lat' dir='ltr'><strong>Fleckeiseni</strong></span> <span class='ocrx_word' id='word_1_109' title='bbox 1921 1579 2138 1638; x_wconf 89' lang='lat' dir='ltr'><strong>Annal.</strong></span> <span class='ocrx_word' id='word_1_110' title='bbox 2185 1579 2395 1655; x_wconf 79' lang='lat' dir='ltr'><strong>philol.</strong></span> 
     </span>
     <span class='ocr_line' id='line_1_16' title="bbox 368 1667 2393 1744; baseline 0 -17"><span class='ocrx_word' id='word_1_111' title='bbox 368 1668 536 1727; x_wconf 88' lang='grc'>1862</span> <span class='ocrx_word' id='word_1_112' title='bbox 585 1688 644 1744; x_wconf 87' lang='lat' dir='ltr'><strong>p.</strong></span> <span class='ocrx_word' id='word_1_113' title='bbox 684 1668 975 1741; x_wconf 83' lang='lat'><strong>40—56,</strong></span> <span class='ocrx_word' id='word_1_114' title='bbox 1021 1668 1078 1726; x_wconf 89' lang='lat' dir='ltr'><strong>J.</strong></span> <span class='ocrx_word' id='word_1_115' title='bbox 1121 1667 1253 1727; x_wconf 82' lang='lat' dir='ltr'><strong>chr.</strong></span> <span class='ocrx_word' id='word_1_116' title='bbox 1293 1668 1414 1727; x_wconf 82' lang='lat' dir='ltr'><strong>Fel.</strong></span> <span class='ocrx_word' id='word_1_117' title='bbox 1454 1668 1712 1728; x_wconf 90' lang='lat' dir='ltr'><strong>Baehrio</strong></span> <span class='ocrx_word' id='word_1_118' title='bbox 1758 1669 1821 1726; x_wconf 91' lang='lat' dir='ltr'><strong>in</strong></span> <span class='ocrx_word' id='word_1_119' title='bbox 1866 1668 2083 1727; x_wconf 88' lang='lat' dir='ltr'><strong>Annal.</strong></span> <span class='ocrx_word' id='word_1_120' title='bbox 2121 1668 2393 1727; x_wconf 90' lang='lat' dir='ltr'><strong>Heidelb.</strong></span> 
     </span>
     <span class='ocr_line' id='line_1_17' title="bbox 367 1756 2404 1837; baseline 0.001 -22"><span class='ocrx_word' id='word_1_121' title='bbox 367 1757 536 1815; x_wconf 82' lang='grc'><strong>1862</strong></span> <span class='ocrx_word' id='word_1_122' title='bbox 576 1775 634 1832; x_wconf 92' lang='lat' dir='ltr'><strong>p.</strong></span> <span class='ocrx_word' id='word_1_123' title='bbox 660 1758 1009 1816; x_wconf 81' lang='lat'>130—144</span> <span class='ocrx_word' id='word_1_124' title='bbox 1049 1760 1110 1817; x_wconf 89' lang='lat' dir='ltr'><strong>et</strong></span> <span class='ocrx_word' id='word_1_125' title='bbox 1136 1757 1207 1816; x_wconf 84' lang='lat' dir='ltr'><strong>A.</strong></span> <span class='ocrx_word' id='word_1_126' title='bbox 1229 1756 1606 1816; x_wconf 88' lang='lat' dir='ltr'><strong>Ubbelohdio</strong></span> <span class='ocrx_word' id='word_1_127' title='bbox 1633 1759 1699 1815; x_wconf 90' lang='lat' dir='ltr'><strong>in</strong></span> <span class='ocrx_word' id='word_1_128' title='bbox 1727 1757 1973 1833; x_wconf 86' lang='lat' dir='ltr'><strong>Ephem.</strong></span> <span class='ocrx_word' id='word_1_129' title='bbox 2003 1758 2093 1816; x_wconf 86' lang='lat' dir='ltr'><strong>lit.</strong></span> <span class='ocrx_word' id='word_1_130' title='bbox 2125 1756 2404 1837; x_wconf 84' lang='lat' dir='ltr'><strong>Gotting.·</strong></span> 
     </span>
     <span class='ocr_line' id='line_1_18' title="bbox 367 1845 2395 1923; baseline 0 -18"><span class='ocrx_word' id='word_1_131' title='bbox 367 1847 536 1905; x_wconf 86' lang='grc'><strong>1863</strong></span> <span class='ocrx_word' id='word_1_132' title='bbox 576 1866 634 1922; x_wconf 89' lang='lat' dir='ltr'><strong>p.</strong></span> <span class='ocrx_word' id='word_1_133' title='bbox 668 1847 856 1906; x_wconf 82' lang='lat'><strong>1128.</strong></span> <span class='ocrx_word' id='word_1_134' title='bbox 900 1848 1357 1907; x_wconf 82' lang='grc'><strong>1142-1160.</strong></span> <span class='ocrx_word' id='word_1_135' title='bbox 1422 1845 1611 1921; x_wconf 77' lang='lat' dir='ltr'><strong>Alias,</strong></span> <span class='ocrx_word' id='word_1_136' title='bbox 1641 1865 1791 1922; x_wconf 91' lang='lat' dir='ltr'><strong>quas</strong></span> <span class='ocrx_word' id='word_1_137' title='bbox 1828 1847 2179 1923; x_wconf 88' lang='lat' dir='ltr'><strong>quotidiana</strong></span> <span class='ocrx_word' id='word_1_138' title='bbox 2214 1846 2395 1906; x_wconf 85' lang='lat' dir='ltr'><strong>lectio</strong></span> 
     </span>
     <span class='ocr_line' id='line_1_19' title="bbox 362 1934 2395 2014; baseline 0 -19"><span class='ocrx_word' id='word_1_139' title='bbox 362 1936 457 1995; x_wconf 80' lang='lat' dir='ltr'><strong>vel</strong></span> <span class='ocrx_word' id='word_1_140' title='bbox 494 1934 808 1994; x_wconf 77' lang='lat' dir='ltr'><strong>meditatio</strong></span> <span class='ocrx_word' id='word_1_141' title='bbox 846 1935 1099 2012; x_wconf 89' lang='lat' dir='ltr'><strong>obtulit,-</strong></span> <span class='ocrx_word' id='word_1_142' title='bbox 1143 1955 1348 2014; x_wconf 82' lang='lat' dir='ltr'><strong>omnes</strong></span> <span class='ocrx_word' id='word_1_143' title='bbox 1386 1937 1582 2011; x_wconf 89' lang='lat' dir='ltr'><strong>operis</strong></span> <span class='ocrx_word' id='word_1_144' title='bbox 1618 1940 1821 2012; x_wconf 86' lang='lat' dir='ltr'><strong>partes</strong></span> <span class='ocrx_word' id='word_1_145' title='bbox 1856 1938 2081 2013; x_wconf 87' lang='lat' dir='ltr'><strong>passim</strong></span> <span class='ocrx_word' id='word_1_146' title='bbox 2118 1938 2395 2012; x_wconf 85' lang='lat' dir='ltr'><strong>expertae</strong></span> 
     </span>
     <span class='ocr_line' id='line_1_20' title="bbox 362 2023 2399 2103; baseline 0 -19"><span class='ocrx_word' id='word_1_147' title='bbox 362 2028 520 2084; x_wconf 90' lang='lat' dir='ltr'><strong>sunt.</strong></span> <span class='ocrx_word' id='word_1_148' title='bbox 605 2023 722 2083; x_wconf 83' lang='lat' dir='ltr'><strong>Sed</strong></span> <span class='ocrx_word' id='word_1_149' title='bbox 760 2028 821 2083; x_wconf 89' lang='lat' dir='ltr'><strong>et</strong></span> <span class='ocrx_word' id='word_1_150' title='bbox 855 2025 1160 2103; x_wconf 86' lang='lat' dir='ltr'><strong>integrum</strong></span> <span class='ocrx_word' id='word_1_151' title='bbox 1195 2044 1387 2084; x_wconf 87' lang='lat' dir='ltr'><strong>novae</strong></span> <span class='ocrx_word' id='word_1_152' title='bbox 1423 2027 1784 2085; x_wconf 81' lang='lat' dir='ltr'><strong>recensionis</strong></span> <span class='ocrx_word' id='word_1_153' title='bbox 1829 2025 2092 2085; x_wconf 87' lang='lat' dir='ltr'><strong>laborem</strong></span> <span class='ocrx_word' id='word_1_154' title='bbox 2128 2025 2399 2101; x_wconf 90' lang='lat' dir='ltr'><strong>impendi</strong></span> 
     </span>
     <span class='ocr_line' id='line_1_21' title="bbox 360 2109 2396 2190; baseline 0 -17"><span class='ocrx_word' id='word_1_155' title='bbox 360 2115 436 2173; x_wconf 91' lang='lat' dir='ltr'><strong>iis</strong></span> <span class='ocrx_word' id='word_1_156' title='bbox 472 2113 764 2189; x_wconf 83' lang='lat' dir='ltr'><strong>partibuS,</strong></span> <span class='ocrx_word' id='word_1_157' title='bbox 803 2133 956 2189; x_wconf 88' lang='lat' dir='ltr'><strong>quae</strong></span> <span class='ocrx_word' id='word_1_158' title='bbox 992 2118 1062 2173; x_wconf 88' lang='lat' dir='ltr'><strong>ut</strong></span> <span class='ocrx_word' id='word_1_159' title='bbox 1097 2118 1262 2173; x_wconf 85' lang='lat' dir='ltr'><strong>totae</strong></span> <span class='ocrx_word' id='word_1_160' title='bbox 1299 2116 1786 2190; x_wconf 84' lang='lat' dir='ltr'><strong>retractarentur,</strong></span> <span class='ocrx_word' id='word_1_161' title='bbox 1823 2134 1981 2173; x_wconf 84' lang='lat' dir='ltr'><strong>nova</strong></span> <span class='ocrx_word' id='word_1_162' title='bbox 2016 2109 2286 2174; x_wconf 85' lang='lat' dir='ltr'><strong>subsidia</strong></span> <span class='ocrx_word' id='word_1_163' title='bbox 2318 2114 2396 2174; x_wconf 92' lang='lat' dir='ltr'><strong>ab</strong></span> 
     </span>
     <span class='ocr_line' id='line_1_22' title="bbox 362 2203 2395 2281; baseline 0 -18"><span class='ocrx_word' id='word_1_164' title='bbox 362 2203 496 2263; x_wconf 85' lang='lat' dir='ltr'><strong>aliis</strong></span> <span class='ocrx_word' id='word_1_165' title='bbox 547 2203 787 2262; x_wconf 88' lang='lat' dir='ltr'><strong>interim</strong></span> <span class='ocrx_word' id='word_1_166' title='bbox 840 2204 1226 2281; x_wconf 90' lang='lat' dir='ltr'><strong>suppeditata</strong></span> <span class='ocrx_word' id='word_1_167' title='bbox 1280 2222 1519 2263; x_wconf 90' lang='lat' dir='ltr'><strong>monere</strong></span> <span class='ocrx_word' id='word_1_168' title='bbox 1568 2203 1941 2263; x_wconf 82' lang='lat' dir='ltr'><strong>videbantur.</strong></span> <span class='ocrx_word' id='word_1_169' title='bbox 2031 2203 2123 2262; x_wconf 91' lang='lat' dir='ltr'><strong>De</strong></span> <span class='ocrx_word' id='word_1_170' title='bbox 2179 2203 2395 2278; x_wconf 88' lang='lat' dir='ltr'><strong>quibus</strong></span> 
     </span>
     <span class='ocr_line' id='line_1_23' title="bbox 363 2292 2395 2394; baseline -0 -43"><span class='ocrx_word' id='word_1_171' title='bbox 363 2293 438 2351; x_wconf 88' lang='lat' dir='ltr'><strong>ad</strong></span> <span class='ocrx_word' id='word_1_172' title='bbox 476 2293 745 2370; x_wconf 81' lang='lat' dir='ltr'><strong>singulas</strong></span> <span class='ocrx_word' id='word_1_173' title='bbox 789 2296 1019 2368; x_wconf 85' lang='lat' dir='ltr'><strong>partes,</strong></span> <span class='ocrx_word' id='word_1_174' title='bbox 1068 2312 1215 2368; x_wconf 92' lang='lat' dir='ltr'><strong>quas</strong></span> <span class='ocrx_word' id='word_1_175' title='bbox 1254 2294 1344 2351; x_wconf 91' lang='lat' dir='ltr'><strong>ita</strong></span> <span class='ocrx_word' id='word_1_176' title='bbox 1378 2295 1732 2369; x_wconf 84' lang='lat' dir='ltr'><strong>retractavi,</strong></span> <span class='ocrx_word' id='word_1_177' title='bbox 1767 2292 2078 2352; x_wconf 88' lang='lat' dir='ltr'><strong>Valerium</strong></span> <span class='ocrx_word' id='word_1_178' title='bbox 2111 2292 2395 2394; x_wconf 78' lang='lat' dir='ltr'><strong>Probum,</strong></span> 
     </span>
     <span class='ocr_line' id='line_1_24' title="bbox 363 2380 2392 2466; baseline -0 -25"><span class='ocrx_word' id='word_1_179' title='bbox 363 2380 577 2441; x_wconf 82' lang='lat' dir='ltr'><strong>Gaium</strong></span> <span class='ocrx_word' id='word_1_180' title='bbox 608 2385 670 2441; x_wconf 84' lang='lat' dir='ltr'><strong>et</strong></span> <span class='ocrx_word' id='word_1_181' title='bbox 695 2383 1101 2460; x_wconf 84' lang='lat' dir='ltr'><strong>fragmentum</strong></span> <span class='ocrx_word' id='word_1_182' title='bbox 1132 2382 1291 2466; x_wconf 75' lang='lat' dir='ltr'><strong>quod</strong></span> <span class='ocrx_word' id='word_1_183' title='bbox 1318 2385 1569 2442; x_wconf 82' lang='lat' dir='ltr'><strong>vocatur</strong></span> <span class='ocrx_word' id='word_1_184' title='bbox 1596 2382 1711 2441; x_wconf 93' lang='lat' dir='ltr'><strong>de</strong></span> <span class='ocrx_word' id='word_1_185' title='bbox 1695 2400 1828 2441; x_wconf 83' lang='lat' dir='ltr'><strong>mre</strong></span> <span class='ocrx_word' id='word_1_186' title='bbox 1853 2381 1999 2456; x_wconf 88' lang='lat' dir='ltr'><strong>fisci,</strong></span> <span class='ocrx_word' id='word_1_187' title='bbox 2027 2381 2392 2457; x_wconf 88' lang='lat' dir='ltr'><strong>praemonui.</strong></span> 
     </span>
    </p>

    <p class='ocr_par' dir='ltr' id='par_1_4' title="bbox 356 2470 2404 3260">
     <span class='ocr_line' id='line_1_25' title="bbox 494 2470 2398 2547; baseline 0 -17"><span class='ocrx_word' id='word_1_188' title='bbox 494 2471 760 2530; x_wconf 85' lang='lat' dir='ltr'><strong>Tandem</strong></span> <span class='ocrx_word' id='word_1_189' title='bbox 797 2471 937 2530; x_wconf 87' lang='lat' dir='ltr'><strong>huic</strong></span> <span class='ocrx_word' id='word_1_190' title='bbox 974 2471 1222 2530; x_wconf 84' lang='lat' dir='ltr'><strong>editioni</strong></span> <span class='ocrx_word' id='word_1_191' title='bbox 1261 2472 1578 2547; x_wconf 89' lang='lat' dir='ltr'><strong>accedunt,</strong></span> <span class='ocrx_word' id='word_1_192' title='bbox 1618 2489 1765 2547; x_wconf 90' lang='lat' dir='ltr'><strong>quos</strong></span> <span class='ocrx_word' id='word_1_193' title='bbox 1801 2470 1865 2529; x_wconf 91' lang='lat' dir='ltr'><strong>in</strong></span> <span class='ocrx_word' id='word_1_194' title='bbox 1901 2471 2119 2547; x_wconf 88' lang='lat' dir='ltr'><strong>prioris</strong></span> <span class='ocrx_word' id='word_1_195' title='bbox 2156 2471 2398 2547; x_wconf 77' lang='lat' dir='ltr'><strong>praefa-</strong></span> 
     </span>
     <span class='ocr_line' id='line_1_26' title="bbox 359 2560 2393 2638; baseline -0.001 -17"><span class='ocrx_word' id='word_1_196' title='bbox 359 2561 523 2621; x_wconf 87' lang='lat' dir='ltr'><strong>tione</strong></span> <span class='ocrx_word' id='word_1_197' title='bbox 559 2560 865 2636; x_wconf 89' lang='lat' dir='ltr'><strong>pollicitus</strong></span> <span class='ocrx_word' id='word_1_198' title='bbox 903 2579 1065 2620; x_wconf 88' lang='lat' dir='ltr'><strong>eram</strong></span> <span class='ocrx_word' id='word_1_199' title='bbox 1104 2579 1369 2638; x_wconf 89' lang='lat' dir='ltr'><strong>quosque</strong></span> <span class='ocrx_word' id='word_1_200' title='bbox 1405 2562 1648 2619; x_wconf 88' lang='lat' dir='ltr'><strong>interim</strong></span> <span class='ocrx_word' id='word_1_201' title='bbox 1686 2561 1803 2620; x_wconf 85' lang='lat' dir='ltr'><strong>viri</strong></span> <span class='ocrx_word' id='word_1_202' title='bbox 1840 2561 2000 2619; x_wconf 87' lang='lat' dir='ltr'><strong>docti</strong></span> <span class='ocrx_word' id='word_1_203' title='bbox 2033 2560 2255 2619; x_wconf 89' lang='lat' dir='ltr'><strong>iterum</strong></span> <span class='ocrx_word' id='word_1_204' title='bbox 2280 2561 2393 2619; x_wconf 92' lang='lat' dir='ltr'><strong>ite-</strong></span> 
     </span>
     <span class='ocr_line' id='line_1_27' title="bbox 358 2650 2395 2726; baseline 0.001 -18"><span class='ocrx_word' id='word_1_205' title='bbox 358 2669 608 2725; x_wconf 89' lang='lat' dir='ltr'><strong>rumque</strong></span> <span class='ocrx_word' id='word_1_206' title='bbox 661 2650 1174 2725; x_wconf 84' lang='lat' dir='ltr'><strong>desideraverunt,</strong></span> <span class='ocrx_word' id='word_1_207' title='bbox 1224 2650 1475 2725; x_wconf 79' lang='lat' dir='ltr'><strong>indiceS,</strong></span> <span class='ocrx_word' id='word_1_208' title='bbox 1525 2654 1595 2708; x_wconf 88' lang='lat' dir='ltr'><strong>ut</strong></span> <span class='ocrx_word' id='word_1_209' title='bbox 1643 2651 1771 2726; x_wconf 89' lang='lat' dir='ltr'><strong>ipse</strong></span> <span class='ocrx_word' id='word_1_210' title='bbox 1824 2650 2096 2709; x_wconf 84' lang='lat' dir='ltr'><strong>existimo</strong></span> <span class='ocrx_word' id='word_1_211' title='bbox 2135 2651 2195 2707; x_wconf 90' lang='lat' dir='ltr'><strong>et</strong></span> <span class='ocrx_word' id='word_1_212' title='bbox 2241 2650 2395 2710; x_wconf 89' lang='lat' dir='ltr'><strong>alios</strong></span> 
     </span>
     <span class='ocr_line' id='line_1_28' title="bbox 357 2733 2404 2816; baseline 0 -19"><span class='ocrx_word' id='word_1_213' title='bbox 357 2741 589 2816; x_wconf 89' lang='lat' dir='ltr'><strong>peritos·</strong></span> <span class='ocrx_word' id='word_1_214' title='bbox 620 2733 988 2810; x_wconf 69' lang='lat' dir='ltr'><strong>iudicaturos</strong></span> <span class='ocrx_word' id='word_1_215' title='bbox 1026 2758 1153 2799; x_wconf 86' lang='lat' dir='ltr'><strong>esse</strong></span> <span class='ocrx_word' id='word_1_216' title='bbox 1191 2758 1383 2816; x_wconf 87' lang='lat' dir='ltr'><strong>spero,</strong></span> <span class='ocrx_word' id='word_1_217' title='bbox 1412 2738 1596 2798; x_wconf 88' lang='lat' dir='ltr'><strong>etiam</strong></span> <span class='ocrx_word' id='word_1_218' title='bbox 1632 2740 1802 2813; x_wconf 81' lang='lat' dir='ltr'><strong>taleS,</strong></span> <span class='ocrx_word' id='word_1_219' title='bbox 1842 2739 2046 2814; x_wconf 88' lang='lat' dir='ltr'><strong>quales</strong></span> <span class='ocrx_word' id='word_1_220' title='bbox 2083 2738 2404 2815; x_wconf 88' lang='lat' dir='ltr'><strong>pollicitus·</strong></span> 
     </span>
     <span class='ocr_line' id='line_1_29' title="bbox 359 2823 2393 2905; baseline 0 -18"><span class='ocrx_word' id='word_1_221' title='bbox 359 2847 549 2905; x_wconf 91' lang='lat' dir='ltr'><strong>eram,</strong></span> <span class='ocrx_word' id='word_1_222' title='bbox 606 2823 836 2887; x_wconf 80' lang='lat' dir='ltr'><strong>‘uberes</strong></span> <span class='ocrx_word' id='word_1_223' title='bbox 884 2831 945 2887; x_wconf 87' lang='lat' dir='ltr'><strong>et</strong></span> <span class='ocrx_word' id='word_1_224' title='bbox 989 2832 1130 2904; x_wconf 84' lang='lat' dir='ltr'><strong>apte</strong></span> <span class='ocrx_word' id='word_1_225' title='bbox 1182 2823 1488 2888; x_wconf 82' lang='lat' dir='ltr'><strong>instituti’.</strong></span> <span class='ocrx_word' id='word_1_226' title='bbox 1585 2826 1701 2886; x_wconf 88' lang='lat' dir='ltr'><strong>Sed</strong></span> <span class='ocrx_word' id='word_1_227' title='bbox 1744 2828 1888 2887; x_wconf 84' lang='lat' dir='ltr'><strong>huic</strong></span> <span class='ocrx_word' id='word_1_228' title='bbox 1942 2830 2136 2904; x_wconf 85' lang='lat' dir='ltr'><strong>operis</strong></span> <span class='ocrx_word' id='word_1_229' title='bbox 2190 2829 2393 2887; x_wconf 83' lang='lat' dir='ltr'><strong>verius</strong></span> 
     </span>
     <span class='ocr_line' id='line_1_30' title="bbox 358 2917 2397 2994; baseline -0 -17"><span class='ocrx_word' id='word_1_230' title='bbox 358 2919 682 2977; x_wconf 82' lang='lat' dir='ltr'><strong>accessioni</strong></span> <span class='ocrx_word' id='word_1_231' title='bbox 734 2937 914 2993; x_wconf 92' lang='lat' dir='ltr'><strong>quam</strong></span> <span class='ocrx_word' id='word_1_232' title='bbox 963 2919 1127 2994; x_wconf 89' lang='lat' dir='ltr'><strong>parti</strong></span> <span class='ocrx_word' id='word_1_233' title='bbox 1178 2936 1214 2976; x_wconf 88' lang='lat' dir='ltr'><strong>a</strong></span> <span class='ocrx_word' id='word_1_234' title='bbox 1265 2917 1436 2977; x_wconf 86' lang='lat' dir='ltr'><strong>Ferd.</strong></span> <span class='ocrx_word' id='word_1_235' title='bbox 1476 2917 1750 2976; x_wconf 86' lang='lat' dir='ltr'><strong>Fabricio</strong></span> <span class='ocrx_word' id='word_1_236' title='bbox 1800 2919 2020 2994; x_wconf 86' lang='lat' dir='ltr'><strong>rogatu</strong></span> <span class='ocrx_word' id='word_1_237' title='bbox 2057 2920 2118 2975; x_wconf 90' lang='lat' dir='ltr'><strong>et</strong></span> <span class='ocrx_word' id='word_1_238' title='bbox 2165 2918 2397 2993; x_wconf 87' lang='lat' dir='ltr'><strong>partim</strong></span> 
     </span>
     <span class='ocr_line' id='line_1_31' title="bbox 359 3005 2394 3083; baseline -0 -18"><span class='ocrx_word' id='word_1_239' title='bbox 359 3008 541 3065; x_wconf 89' lang='lat' dir='ltr'><strong>etiam</strong></span> <span class='ocrx_word' id='word_1_240' title='bbox 589 3007 887 3066; x_wconf 87' lang='lat' dir='ltr'><strong>arbitratu</strong></span> <span class='ocrx_word' id='word_1_241' title='bbox 911 3015 1065 3065; x_wconf 83' lang='lat' dir='ltr'><strong>‘meo</strong></span> <span class='ocrx_word' id='word_1_242' title='bbox 1113 3010 1426 3083; x_wconf 87' lang='lat' dir='ltr'><strong>susceptae</strong></span> <span class='ocrx_word' id='word_1_243' title='bbox 1464 3008 1648 3065; x_wconf 89' lang='lat' dir='ltr'><strong>etiam</strong></span> <span class='ocrx_word' id='word_1_244' title='bbox 1695 3005 2004 3065; x_wconf 85' lang='lat' dir='ltr'><strong>absolutae</strong></span> <span class='ocrx_word' id='word_1_245' title='bbox 2042 3025 2177 3065; x_wconf 92' lang='lat' dir='ltr'><strong>cum</strong></span> <span class='ocrx_word' id='word_1_246' title='bbox 2214 3024 2394 3082; x_wconf 91' lang='lat' dir='ltr'><strong>pecu-</strong></span> 
     </span>
     <span class='ocr_line' id='line_1_32' title="bbox 356 3095 2396 3172; baseline 0 -17"><span class='ocrx_word' id='word_1_247' title='bbox 356 3096 588 3155; x_wconf 88' lang='lat' dir='ltr'><strong>liariter</strong></span> <span class='ocrx_word' id='word_1_248' title='bbox 622 3097 930 3172; x_wconf 87' lang='lat' dir='ltr'><strong>praefatus</strong></span> <span class='ocrx_word' id='word_1_249' title='bbox 968 3098 1098 3170; x_wconf 89' lang='lat' dir='ltr'><strong>sim,</strong></span> <span class='ocrx_word' id='word_1_250' title='bbox 1134 3096 1247 3155; x_wconf 90' lang='lat' dir='ltr'><strong>hoc</strong></span> <span class='ocrx_word' id='word_1_251' title='bbox 1282 3097 1416 3155; x_wconf 90' lang='lat' dir='ltr'><strong>loco</strong></span> <span class='ocrx_word' id='word_1_252' title='bbox 1453 3095 1524 3154; x_wconf 90' lang='lat' dir='ltr'><strong>de</strong></span> <span class='ocrx_word' id='word_1_253' title='bbox 1563 3114 1632 3153; x_wconf 94' lang='lat' dir='ltr'><strong>ea</strong></span> <span class='ocrx_word' id='word_1_254' title='bbox 1669 3097 1972 3155; x_wconf 88' lang='lat' dir='ltr'><strong>monuisse</strong></span> <span class='ocrx_word' id='word_1_255' title='bbox 2010 3114 2258 3170; x_wconf 89' lang='lat' dir='ltr'><strong>eamque</strong></span> <span class='ocrx_word' id='word_1_256' title='bbox 2293 3097 2396 3172; x_wconf 75' lang='lat' dir='ltr'><strong>iis,</strong></span> 
     </span>
     <span class='ocr_line' id='line_1_33' title="bbox 358 3183 1673 3260; baseline 0 -17"><span class='ocrx_word' id='word_1_257' title='bbox 358 3204 612 3260; x_wconf 88' lang='lat' dir='ltr'><strong>quorum</strong></span> <span class='ocrx_word' id='word_1_258' title='bbox 648 3187 916 3260; x_wconf 78' lang='lat' dir='ltr'><strong>interest,</strong></span> <span class='ocrx_word' id='word_1_259' title='bbox 953 3187 1397 3248; x_wconf 88' lang='lat' dir='ltr'><strong>commendasse</strong></span> <span class='ocrx_word' id='word_1_260' title='bbox 1435 3183 1673 3245; x_wconf 88' lang='lat' dir='ltr'><strong>sufficit.</strong></span> 
     </span>
    </p>
   </div>
   <div class='ocr_carea' id='block_1_4' title="bbox 493 3305 2013 3387">
    <p class='ocr_par' dir='ltr' id='par_1_5' title="bbox 493 3305 2013 3387">
     <span class='ocr_line' id='line_1_34' title="bbox 493 3305 2013 3387; baseline -0.001 -18"><span class='ocrx_word' id='word_1_261' title='bbox 493 3310 613 3370; x_wconf 87' lang='lat' dir='ltr'><strong>Sor.</strong></span> <span class='ocrx_word' id='word_1_262' title='bbox 653 3310 1056 3371; x_wconf 83' lang='lat' dir='ltr'><strong>Vratislaviae</strong></span> <span class='ocrx_word' id='word_1_263' title='bbox 1093 3330 1169 3372; x_wconf 90' lang='lat' dir='ltr'><strong>m.</strong></span> <span class='ocrx_word' id='word_1_264' title='bbox 1208 3310 1410 3387; x_wconf 87' lang='lat' dir='ltr'><strong>Aprili</strong></span> <span class='ocrx_word' id='word_1_265' title='bbox 1448 3305 2013 3369; x_wconf 80' lang='lat' dir='ltr'><strong>GIDIOGGCLXVI.</strong></span> 
     </span>
    </p>
   </div>
  </div>
 </body>
</html>
