2650 3917
392 147 523 211 186
999 146 1126 201 GAI
1160 146 1415 202 INSTIT.
1453 148 1480 201 Ι
1518 152 1814 203 168—179.

388 315 541 376 ante
587 311 1152 375 manumissionem
1199 333 1277 375 ex
1336 313 1472 376 iure
1520 309 1880 387 Quiritium·
1916 315 2206 395 fuerumt:
2259 315 2431 378 unde

388 404 452 467 si
497 400 734 465 ακνισίῑῑα
779 421 854 464 ex
899 402 1036 464 iure
1090 400 1469 482 Quwitiuml
1510 403 1625 465 tua
1671 403 1782 485 sit,
1827 403 1896 465 in
1941 401 2130 467 bonis
2177 424 2344 484 mea,
2391 425 2431 466 a

392 512 495 555 me
541 489 801 573 quidem
854 490 1020 572 solo,
1084 511 1214 553 non
1282 490 1478 555 etiam
1526 512 1562 553 a
1609 494 1673 554 te
1735 492 2126 556 manumissa
2188 490 2430 556 Latina

392 581 547 643 fieri·
587 582 829 662 potest,
885 583 948 643 et
1003 578 1175 644 bona
1230 578 1366 644 eius
1414 579 1495 643 ad
1550 601 1651 644 me
1716 581 2062 664 pertinent,
2123 580 2235 644 sed
2288 580 2427 645 eius

389 668 599 732 tutela
643 667 766 731 tibi
813 667 1150 753 competit3
1196 691 1346 732 nam
1395 670 1487 733 ita
1531 668 1673 754 lege
1718 667 1904 733 Iunia
1949 674 2226 734 cauetur.
2310 670 2430 734 itae

391 779 519 842 que
566 758 624 821 si
670 757 750 821 ab
799 779 901 842 ec,
959 758 1139 822 cuius
1187 762 1252 822 et
1295 758 1367 822 in
1411 757 1598 822 bonis
1646 761 1710 824 et
1756 779 1835 822 ex
1895 758 2033 823 iure
2078 757 2430 835 Quiritium

390 847 629 912 ancilla
674 846 888 928 fuerit,
936 846 1107 912 facta
1154 847 1239 911 sit
1285 846 1544 931 Latina,
1594 846 1674 910 ad
1721 846 1990 912 eundem
2037 851 2102 912 et
2147 848 2318 913 bona
2366 852 2432 912 et

394 936 600 1001 tutela
645 937 987 1021 pertinent.
1006 934 1030 972 ²

528 1024 653 1090 168.
700 1024 975 1111 Agnatis
1022 1030 1086 1089 et
1131 1025 1422 1109 patronis
1465 1028 1529 1089 et
1574 1024 1925 1092 liberorum
1974 1025 2259 1110 capitum
2297 1048 2431 1091 ma-

396 1114 868 1179 numissoribus
916 1114 1299 1198 permissum
1338 1118 1435 1178 est
1478 1114 1864 1179 feminarum
1902 1117 2171 1179 tutelam
2211 1115 2323 1179 alii
2361 1117 2429 1179 in

396 1204 535 1269 iure
591 1203 838 1288 cedere3
900 1203 1300 1288 pupillorum
1366 1207 1581 1268 autem
1643 1205 1917 1268 tutelam
1967 1227 2100 1270 non
2145 1208 2244 1268 est
2288 1225 2431 1288 per-

285 1306 359 1354 47
397 1293 668 1358 missum
717 1292 936 1356 cedere
954 1343 972 1376 ,
1019 1294 1171 1376 quia
1214 1314 1345 1356 non
1392 1293 1651 1357 uidetur
1696 1292 2010 1379 onelrosa,
2065 1313 2210 1357 cum
2270 1297 2432 1357 tem-

395 1403 554 1468 pore
615 1381 975 1464 pubertatis
1039 1383 1318 1446 finiatur.
1409 1381 1533 1447 169.
1580 1381 1644 1446 18
1709 1388 1949 1466 autem,
2015 1382 2117 1446 cui
2182 1381 2431 1448 ceditur

400 1471 623 1555 tutela,
673 1470 972 1535 cessicius
1017 1469 1233 1536 tutor3
1277 1476 1562 1537 uocatur,
1653 1471 1778 1538 170.
1828 1471 1984 1549 Quo⁴
2015 1475 2271 1537 mortuo
2319 1475 2430 1535 aut

400 1561 621 1645 kapite
669 1559 984 1624 diminuto
1022 1562 1370 1625 reuertitur
1415 1561 1495 1625 ad
1533 1582 1679 1625 eum
1720 1564 2003 1626 tutorem
2049 1560 2270 1643 tutela,
2317 1560 2432 1644 qui

399 1647 658 1733 cessit43
702 1648 840 1733 ipse
888 1672 1160 1733 quoque,
1207 1652 1314 1735 qui
1367 1650 1574 1731 cessit,
1621 1649 1676 1715 si
1721 1655 2016 1716 mortuus
2055 1654 2165 1714 aut
2210 1650 2432 1734 kapite

401 1739 757 1803 diminutus
816 1740 925 1822 sit,
982 1762 1018 1802 a
1065 1740 1327 1804 cessicio
1343 1737 1366 1775 ⁵
1412 1739 1616 1804 tutela
1660 1739 1930 1806 discedit
1977 1744 2041 1804 et
2085 1740 2437 1804 reuertitur

397 1828 481 1892 ad
517 1850 684 1909 eum,
730 1830 842 1911 qui
878 1832 1026 1911 post
1064 1850 1229 1911 eum,
1266 1828 1379 1912 qui
1426 1833 1719 1913 cesserat,
1768 1829 2114 1893 secundum
2161 1828 2432 1915 gradum

398 1919 469 1981 in
517 1939 592 1982 ea
648 1918 852 1982 tutela
907 1916 1220 1982 habuerit.
1311 1918 1430 1982 171.
1479 1916 1605 1983 Sed
1661 1923 1972 2002 quantum
2027 1917 2107 1981 ad
2162 1922 2433 2003 agnatos

398 2008 700 2092 pertinet,
737 2006 903 2071 nihil
936 2006 1063 2072 hoc
1098 2011 1390 2090 tempore
1429 2006 1505 2070 de
1544 2007 1810 2073 cessicia
1845 2007 2049 2072 tutela
2084 2007 2433 2091 quaeritur,

396 2118 546 2160 cum
614 2100 997 2181 agnatorum
1061 2094 1301 2160 tutelae
1332 2096 1417 2163 ‚in
1470 2095 1727 2161 feminis
1783 2099 1927 2182 lege
1975 2094 2240 2160 Claudia
2286 2095 2435 2161 sub-

398 2186 569 2249 latae
616 2186 763 2249 sint.
852 2185 981 2250 172.
1031 2184 1158 2249 Sed
1211 2185 1579 2250 fiduciarios
1635 2206 1891 2270 quoque
1947 2184 2207 2269 quidam
2251 2188 2432 2269 puta·

395 2276 634 2338 uerunt
681 2274 995 2339 cedendas
1040 2275 1280 2338 tutelae
1325 2275 1427 2340 ius
1474 2296 1607 2339 non
1662 2273 1926 2359 habere,
1962 2297 2128 2341 cum
2182 2275 2309 2357 ipsi
2366 2297 2432 2339 88

397 2362 583 2428 oneri
630 2362 1035 2428 subiecerint.
1128 2362 1301 2447 quod
1329 2364 1451 2428 etsi
1496 2364 1766 2449 placeat,
1793 2365 1861 2428 111
1907 2368 2171 2448 parente
2199 2367 2433 2448 tamen,

399 2453 516 2536 qui
550 2451 750 2516 filiam
789 2455 1132 2536 neptemue
1170 2456 1280 2516 aut
1326 2456 1708 2537 proneptem
1745 2453 1931 2517 alteri
1969 2474 2042 2516 ea
2078 2452 2220 2538 lege
2258 2475 2435 2517 man·

398 2542 571 2625 cipio
620 2541 820 2625 dedit,
879 2545 955 2605 ut
1001 2541 1127 2605 sibi
1179 2541 1746 2626 remanciparetur‚
1803 2543 2434 2626 remancipatamque

397 2630 793 2712 manumisit,
838 2631 1007 2695 idem
1054 2630 1180 2695 dici
1224 2652 1358 2695 non
1418 2631 1635 2715 debet,
1691 2653 1836 2697 cum
1881 2632 1937 2695 is
1985 2633 2051 2694 et
2104 2630 2434 2716 legitimus

399 2723 583 2783 tutor
626 2719 939 2784 habeatur
967 2724 1032 2784 et
1059 2741 1189 2785 non
1227 2721 1441 2785 minus
1468 2719 1622 2786 huic
1660 2742 1852 2804 quam
1888 2719 2183 2805 patronis
2224 2720 2436 2785 honor

397 2808 821 2894 praestandus
871 2807 1004 2873 sit.⁶

547 2970 598 3036 1)
636 2964 1243 3031 fuerunt—Quiritium
1288 2984 1355 3022 su
1435 2969 1468 3021 l.
1512 2968 1631 3022 Hu.
1849 2969 1903 3036 2)
1940 2967 2189 3036 pertinet
2223 2966 2291 3020 V.

399 3040 457 3107 3)
494 3041 649 3092 tutor
706 3037 993 3093 Goesehen.
1065 3042 1298 3093 uocator
1408 3083 1417 3093 .
1661 3040 1716 3107 4)
1754 3056 1891 3093 corr.
1949 3056 2017 3094 ex
2071 3038 2316 3092 cessauit
2368 3038 2438 3093 V.

399 3113 457 3179 5)
496 3125 530 3163 a
568 3109 798 3163 cessicio
839 3109 1126 3165 Goeschen.
1183 3110 1427 3163 accessio
1466 3108 1529 3163 V.
1678 3112 1729 3179 6)
1769 3112 1856 3164 est
1892 3109 1957 3163 V.

546 3256 666 3307 168.
723 3251 793 3318 cf.
835 3251 956 3320 mp.
989 3256 1073 3319 11,
1104 3258 1160 3318 63
1196 3257 1253 3317 ὃς
1296 3257 1380 3306 17.
1439 3253 1626 3307 Boeth.
1667 3255 1700 3307 l.
1733 3258 1766 3304 4
1821 3253 1897 3307 ad
1953 3251 2062 3308 Cic.
2103 3260 2210 3321 top.
2253 3258 2337 3319 11,
2366 3259 2436 3308 46

401 3326 488 3392 (p.
519 3328 621 3377 342
643 3325 838 3392 Bait).
896 3324 1054 3391 infra
1095 3331 1142 3390 1,
1174 3330 1292 3378 196.

546 3400 611 3461 ξς
653 3400 771 3449 169.
814 3398 931 3448 170.
989 3397 1058 3464 ef.
1110 3397 1232 3468 [ΗΡ.
1274 3401 1359 3462 11,
1392 3400 1438 3451 7.

546 3472 577 3532 ξ
618 3471 738 3520 171.
793 3467 864 3532 cf.
913 3467 1038 3536 Uzp.
1081 3472 1164 3534 11,
1194 3474 1243 3521 8.
1300 3484 1475 3537 supra
1514 3474 1561 3533 1,
1594 3472 1713 3521 15⁷.

547 3543 577 3603 s
619 3543 738 3591 172.
796 3538 865 3604 cf.
904 3555 1079 3608 supra
1119 3545 1165 3605 1,
1199 3544 1316 3593 166.
1374 3540 1532 3607 infra
1570 3545 1768 3607 1‚175.
1808 3540 1857 3594 Ι.
1900 3546 1948 3607 1,
1981 3545 2065 3595 18.
2102 3546 2107 3552 ·
