2650 3917
849 165 976 221 GA1
1009 165 1263 219 INSTIT.
1302 166 1329 219 Ι
1366 170 1665 220 173-162.
2144 165 2268 231 187

374 329 499 394 173.
549 328 887 395 Praeterea
932 332 1189 394 senatus
1236 331 1532 395 consulto
1579 328 1956 395 mulieribus
2011 329 2277 413 permis-

239 441 384 484 sum
432 423 531 484 est
577 418 643 482 in
691 418 975 483 absentis
1031 419 1266 483 tutoris
1319 419 1538 484 locum
1594 418 1793 483 alium
1845 424 2091 503 petere,
2145 440 2274 504 quo

241 509 448 611 petito
494 508 677 593 prior
722 508 984 592 desinit3
1047 529 1166 573 nec
1211 510 1507 594 interest,
1572 530 1767 593 quam
1821 508 2015 593 longe
2069 507 2277 573 absit¹

240 598 296 662 is
342 601 538 662 tutor.
630 597 758 662 174.
808 596 935 662 Sed
997 597 1343 682 excipitur,
1405 620 1489 661 116
1539 598 1608 663 111
1672 598 1959 662 absentis
2017 597 2276 681 patroni

236 689 456 752 locum
511 688 704 752 liceat
768 686 1038 750 libertae
1102 690 1384 752 tutorem
1449 690 1683 770 petere.
1774 687 1900 751 175.
1947 685 2214 751 Patroni
2265 685 2272 771 Ι

237 780 457 841 autem
501 776 646 842 loco
692 775 1001 840 habemus
1049 775 1241 840 etiam
1289 780 1640 861 parentem,
1686 777 1798 859 qui
1846 798 1924 840 ex
1961 798 2054 860 eo,
2102 774 2276 862 quod
2313 788 2382 837 48

240 866 380 950 ipse
410 865 536 929 sibi
571 862 1109 949 remancipatam²
1138 865 1343 930 filiam
1380 869 1722 949 neptemue
1750 870 1863 929 aut
1899 869 2280 949 proneptem

239 956 637 1036 manumisit,
664 954 1024 1040 legitimam
1071 954 1343 1019 tutelam
1387 958 1662 1020 nanctus
1692 958 1805 1018 est.
1897 952 2041 1019 sed⁸
2084 953 2280 1018 huius

239 1044 502 1128 quidem
560 1044 751 1109 liberi
809 1042 1127 1107 fiduciarii
1184 1044 1419 1108 tutoris
1473 1042 1616 1108 loco
1672 1048 2118 1128 numerantur3
2172 1066 2282 1127 pa-

238 1133 415 1198 troni
463 1131 716 1198 autem*
751 1132 941 1198 liberi
970 1133 1234 1197 eandem
1280 1132 1551 1197 tutelam
1600 1133 1927 1217 adipiscun
1935 1137 2058 1202 tur.
2089 1154 2282 1216 quam

240 1227 308 1287 et
352 1226 539 1307 pater
590 1244 813 1286 eorum
868 1221 1112 1286 habuit.
1204 1221 1330 1287 176.
1380 1221 1505 1286 Sed
1565 1222 1908 1305 aliquando
1964 1224 2159 1286 etiam
2215 1222 2286 1285 in

237 1314 502 1401 patroni
577 1312 859 1377 absentis
933 1312 1147 1376 locum
1215 1311 1620 1396 permittitur
1693 1315 1975 1376 tutorem
2048 1315 2285 1396 petere,

240 1388 450 1466 ueluti
509 1400 589 1464 ad
651 1400 1076 1466 hereditatem
1140 1401 1517 1465 adeundam.
1609 1400 1734 1466 177.
1780 1400 1959 1465 Idem
2026 1404 2286 1465 senatus

239 1491 493 1556 censuit
541 1493 607 1555 et
651 1491 721 1553 in
765 1511 1043 1575 persona
1096 1490 1333 1573 pupilli
1399 1490 1656 1574 patroni
1711 1491 1849 1555 filii.
1942 1489 2067 1556 178.
2114 1488 2285 1553 Nam

239 1577 344 1645 et⁵
373 1580 517 1666 1686
565 1578 732 1644 Iulia
760 1578 837 1643 de
882 1579 1260 1643 maritandis
1309 1579 1642 1644 ordinibus
1685 1581 1762 1664 ei,
1810 1601 1973 1663 quae
2019 1581 2088 1643 in
2131 1578 2291 1665 1681-

242 1671 407 1734 tima
451 1668 659 1734 tutela
703 1668 940 1753 pupilli
986 1669 1089 1752 sit,
1136 1667 1537 1752 permittitur
1581 1668 1753 1733 dotis
1802 1668 2290 1752 constituendae

245 1760 455 1845 gratia
512 1782 549 1823 a
603 1761 899 1842 praetore
953 1757 1199 1823 urbano
1266 1761 1550 1823 tutorem
1617 1761 1852 1842 petere.
1944 1756 2068 1821 179.
2123 1755 2291 1821 Sane

244 1849 506 1933 patroni
550 1848 748 1931 filius,
794 1847 1047 1911 etiamsi
1094 1846 1371 1932 inpubes
1411 1848 1506 1926 sit,
1556 1845 1807 1911 tamen⁶
1847 1846 2117 1910 libertae
2155 1845 2292 1910 effi-

243 1939 452 2002 cietur
489 1939 687 2020 tutor,
734 1958 1123 2020 quamquam
1161 1936 1231 2001 in
1274 1935 1456 2001 nulla
1493 1957 1561 2000 re
1609 1939 1832 2000 auctor
1866 1937 2009 1999 fieri
2055 1939 2292 2020 potest,

245 2048 393 2092 cum
439 2027 568 2111 ipsi
625 2025 811 2089 1111111
845 2025 1231 2110 permissum
1279 2026 1366 2089 sit
1422 2026 1559 2090 sine
1615 2027 1852 2090 tutoris
1907 2025 2293 2088 auctoritate

240 2135 451 2201 agere.
544 2115 670 2181 180.
717 2113 881 2179 Item
931 2115 986 2179 si
1024 2136 1152 2199 qua
1197 2116 1266 2178 in
1312 2115 1518 2179 tutela
1563 2114 1857 2200 legitima
1902 2114 2133 2179 furiosi
2179 2117 2293 2178 aut

247 2204 416 2270 muti
465 2205 570 2288 sit,
614 2204 1020 2290 permittitur
1065 2203 1123 2267 ei
1172 2207 1432 2269 senatus
1481 2204 1778 2268 consulto
1827 2203 1996 2268 dotis
2059 2203 2293 2267 consti-

244 2294 522 2359 tuendae
589 2294 797 2378 gratia
859 2297 1144 2358 tutorem
1208 2297 1445 2378 petere.
1555 2293 1673 2359 181.
1722 2291 1970 2369 Quibus
2036 2291 2294 2357 casibus

248 2384 499 2448 saluam
545 2404 806 2447 manere
843 2383 1113 2447 tutelam
1160 2387 1437 2467 patrono
1485 2382 1873 2468 patronique
1910 2382 2048 2447 filio
2096 2382 2297 2446 mani-

248 2473 490 2539 festum
531 2476 645 2537 est.
737 2472 864 2537 182.
912 2471 1252 2537 Praeterea
1299 2476 1558 2536 senatus
1609 2472 1875 2557 censuit,
1912 2477 1986 2536 ut
2023 2470 2077 2536 si
2117 2474 2298 2536 tutor

407 2633 458 2700 1)
497 2630 650 2684 absit
686 2629 952 2700 Krweyer.
1006 2629 1191 2683 aberit
1225 2627 1293 2683 V.
1441 2631 1494 2699 2)
1530 2645 1651 2684 rem
1686 2629 2069 2699 mancipatam
2103 2627 2172 2682 V.

260 2707 317 2773 3)
357 2703 487 2757 add.
527 2701 820 2757 Polemar.
986 2704 1041 2768 4)
1078 2701 1304 2770 patroni
1344 2700 1558 2772 autem]
1597 2703 1788 2755 autem
1823 2700 2051 2770 patroni
2085 2698 2153 2753 V.

256 2778 316 2843 5)
354 2789 386 2828 e
421 2772 489 2827 V
521 2835 526 2838 ,
637 2775 690 2842 6)
728 2773 952 2828 addidit
987 2773 1107 2828 Hu.

404 2923 468 2984 §5
509 2921 629 2970 176.
671 2921 790 2970 174.
841 2915 917 2982 cf.
970 2916 1089 2985 Ulp.
1132 2921 1215 2982 11,
1248 2920 1333 2968 22.

400 2994 430 3054 ξ)
472 2993 591 3043 175.
648 2989 720 3055 cf.
758 3005 933 3057 supra
972 2993 1021 3054 1,
1054 2992 1183 3053 1663
1225 2993 1345 3040 172.
1384 2987 1433 3040 Ι.
1477 2992 1525 3053 1,
1558 2991 1623 3040 19
1661 3003 1786 3041 cum
1831 2985 2144 3055 Theophila

400 3065 464 3126 §5
508 3064 625 3114 176.
667 3065 786 3113 177.
844 3059 915 3126 cf.
968 3060 1090 3128 Ulp.
1134 3063 1219 3125 11,
1250 3064 1335 3111 22.

393 3137 424 3198 5
467 3136 584 3185 176.
643 3132 713 3199 ef.
756 3131 876 3199 Uzp.
927 3136 1013 3195 11,
1043 3136 1129 3184 2ο.
1197 3132 1271 3186 D.
1304 3135 1390 3196 23,
1422 3136 1470 3195 3,
1503 3135 1568 3183 61
1592 3146 1682 3199 pr.
1736 3128 1922 3199 (olem.
1952 3131 2023 3199 5).
2082 3132 2298 3194 26,5,6

275 3204 402 3273 Ulp.
435 3206 613 3273 2018).
670 3208 893 3342 736,le
880 3206 909 3254 7
950 3202 1108 3271 (Ulp.
1140 3204 1319 3270 2255).
1386 3200 1513 3270 lege
1549 3200 1721 3272 Iulia]
1775 3201 1845 3268 cf.
1882 3216 2058 3269 supra
2098 3205 2144 3265 1,
2179 3205 2297 3253 145.

394 3280 424 3341 ς
466 3279 585 3329 179.
642 3292 672 3330 c
845 3279 872 3327 1
925 3277 1127 3341 25,13.

393 3351 423 3412 ς
465 3351 583 3401 166
641 3348 712 3415 cf.
770 3315 896 3414 mp'.
941 3350 1025 3411 11,
1057 3351 1143 3399 21.
1211 3344 1285 3398 D.
1329 3349 1413 3408 26,
1451 3348 1595 3411 1,17
1654 3344 1844 3413 (Paul.
1895 3346 2070 3412 1761).
2130 3347 2215 3408 26,
2248 3347 2299 3410 4,

246 3422 336 3487 10,
369 3422 396 3470 1
438 3419 650 3488 (Herm.
692 3420 798 3486 51).
858 3422 943 3483 26,
977 3423 1025 3483 1,
1057 3422 1107 3483 1,
1139 3422 1197 3481 2,
1230 3422 1261 3469 3
1302 3416 1493 3484 (Paul.
1535 3418 1679 3483 556).

390 3495 580 3555 5162.
637 3491 708 3557 cf.
760 3490 880 3559 Uzp.
923 3459 1006 3555 i1,
1039 3458 1125 3543 26.
1184 3457 1260 3543 'D.
1301 3493 1390 3555 40,
1422 3492 1472 3552 5,
1503 3492 1590 3554 41,
1604 3494 1652 3540 2
1694 3487 1897 3557 (Scaev
1937 3489 2079 3556 267).
2130 3492 2217 3554 26,
2247 3492 2300 3555 2,

249 3565 504 3629 11,1-3
545 3562 703 3632 (Uzp.
745 3563 924 3630 2665).
985 3530 1042 3616 b.
1084 3564 1133 3628 5,
1166 3564 1254 3627 66,
1286 3566 1317 3612 2
1358 3529 1616 3630 (21.228’).
1657 3564 1707 3627 5,
1739 3564 1824 3629 36,
1854 3565 1887 3613 4
1926 3562 1998 3629 (a.
2039 3561 2180 3630 260)
