2650 3917
192 2643 257 2692 12

193 2753 258 2833 ιέ

316 177 445 242 152
937 176 1064 232 GAI
1098 177 1356 232 INSTIT.
1394 179 1420 232 Ι
1457 184 1684 234 44—45.

309 340 571 405 tertiam
627 343 876 425 partem
924 342 1060 406 eius
1114 341 1367 405 numeri
1422 343 1877 408 manumittere
1931 346 2343 428 permittitur.

310 433 379 494 at
426 431 502 515 ei,
551 429 663 514 qui
708 432 927 514 plures
984 440 1176 514 quam
1222 447 1371 493 xxx
1423 452 1632 515 neque
1688 432 1905 516 plures
1963 456 2154 517 quam
2203 455 2344 499 een-

309 523 450 584 tum
496 518 779 601 habebit,
824 540 1028 603 usque
1065 519 1146 583 ad
1182 522 1431 603 partem
1462 525 1756 604 quartam
1798 527 2083 606 potestas
2121 546 2344 587 manu-

309 608 610 673 mittendi
659 608 864 672 datur.
955 608 1308 672 nouissime
1352 608 1430 694 ei,
1478 610 1591 693 qui
1635 612 1855 695 plures
1905 633 2097 695 quam
2146 628 2186 677 c
2232 612 2342 677 ha·

309 697 491 762 bebit
554 719 673 762 nee
734 698 953 782 plures
1000 718 1192 781 quam
1240 716 1309 783 D,
1368 719 1502 762 non
1564 701 1783 783 plures
1845 701 2342 766 manumittere1

306 787 711 870 permittitur
748 785 979 871 quam*
1008 786 1300 870 quintam
1338 792 1618 873 partem3
1660 810 1867 872 neque
1894 790 2112 874 plures
2148 812 2341 873 quam

303 875 374 942 D
427 876 710 942 habentis
760 878 926 941 ratio
980 876 1261 956 habemur,
1319 882 1391 941 ut
1444 897 1518 942 ex
1563 898 1628 942 eo
1682 899 1938 945 numero
1986 899 2144 962 pars
2190 882 2341 963 defi-

304 968 527 1031 niatur
540 964 580 1052 ⁸,
611 966 723 1030 sed
765 965 1148 1050 praeseribit
1190 966 1312 1050 lex,
1342 987 1422 1030 ne
1469 966 1573 1030 eui
1618 968 1837 1051 plures
1885 969 2340 1035 manumittere

304 1054 500 1120 liceat
554 1078 747 1139 quam
812 1072 865 1119 c,
961 1052 1169 1139 quod*
1216 1055 1272 1119 si
1318 1054 1463 1138 quis
1509 1078 1710 1134 unum
1767 1078 2024 1122 seruum
2072 1059 2339 1123 omnino

305 1149 420 1209 aut
466 1145 626 1210 duos
665 1144 878 1229 habet,
925 1144 1007 1207 ad
1051 1143 1218 1208 hane
1261 1145 1474 1230 legem
1520 1166 1654 1209 non
1697 1144 2034 1232 pertinet⁶,
2080 1152 2145 1212 et
2190 1148 2337 1214 ideo

303 1234 576 1299 liberam
642 1233 838 1299 habet
901 1237 1291 1318 potestatem
1356 1234 1871 1301 manumittendi.
1962 1237 2062 1301 44.
2110 1235 2207 1301 Ae
2252 1260 2337 1302 ne

305 1323 387 1386 ad
439 1344 548 1388 eos
603 1323 863 1407 quidem
929 1322 1193 1388 omnino
1257 1322 1419 1388 haee
1481 1325 1587 1388 lex
1649 1324 1957 1410 pertinet,
2019 1326 2132 1409 qui
2196 1326 2335 1392 sine

304 1415 674 1478 testamento
719 1410 1243 1478 manumittunt.⁶
1315 1412 1534 1495 itaque
1571 1412 1723 1478 lieet
1760 1414 1858 1498 iis,
1897 1414 2007 1498 qui
2046 1415 2336 1480 uindicta

304 1504 417 1565 aut
462 1521 655 1566 censu
701 1506 812 1566 aut
856 1501 1029 1566 inter
1074 1502 1314 1566 amieos
1361 1503 1852 1588 manumittunt,
1897 1507 2102 1568 totam
2149 1505 2334 1569 fami—

300 1590 456 1654 liam
505 1611 687 1655 suam
732 1591 1023 1674 liberare,
1071 1591 1317 1655 scilieet
1359 1591 1414 1654 si
1460 1590 1588 1655 alia
1633 1613 1824 1657 eausa
1867 1613 1998 1658 non
2045 1593 2335 1677 inpediat

300 1679 683 1744 libertatem.
772 1681 869 1745 45.
917 1679 1041 1745 Sed
1088 1681 1263 1764 quod
1310 1680 1389 1745 de
1434 1703 1703 1746 numero
1763 1702 2091 1746 seruorum
2140 1687 2334 1762 testa-

301 1772 520 1833 mento
567 1769 1224 1834 manumittendorum
1268 1769 1564 1852 diximm,
1600 1771 1693 1834 ita
1737 1770 2204 1858 intellegemuS,
2249 1795 2333 1838 ne

300 1879 608 1941 umquam
646 1880 726 1922 ex
764 1880 839 1923 eo
862 1880 1174 1943 numero,
1220 1881 1299 1923 ex
1339 1879 1467 1943 quo
1515 1860 1784 1924 dimidia
1829 1864 1940 1924 aut
1986 1861 2182 1926 tertia
2218 1867 2334 1926 aut

302 1950 531 2030 quarta
569 1951 682 2012 aut
719 1948 944 2032 quinta
980 1969 1130 2032 pars
1166 1948 1434 2012 liberari
1470 1953 1703 2033 potest,
1736 1952 2071 2032 pauciores
2108 1973 2332 2017 manu-

299 2038 539 2102 mittere
586 2037 779 2101 lieeat
835 2058 1028 2121 quam
1075 2057 1153 2100 ex
1209 2037 1613 2102 antecedenti
1665 2060 1934 2104 numero
1990 2039 2190 2105 lieuit.
2265 2043 2334 2105 et

298 2125 423 2191 hoe
458 2126 600 2211 ipsa
643 2124 920 2192 ratione⁷
954 2127 1292 2209 prouisum
1342 2132 1464 2191 est:
1511 2132 1649 2191 erat
1695 2129 1863 2193 enim
1912 2150 2063 2194 eane
2109 2130 2332 2194 absur-

301 2214 471 2300 dum,
517 2219 593 2279 ut
636 2233 684 2279 x
732 2237 1066 2280 seruorum
1114 2216 1375 2280 domino
1426 2217 1709 2301 quinque
1763 2216 2036 2283 liberare
2089 2220 2332 2303 liceret,

299 2305 452 2387 quia
496 2326 700 2387 usque
756 2305 836 2369 ad
901 2304 1231 2369 dimidiam
1286 2308 1535 2389 partem
1601 2305 1739 2370 eius
1802 2308 2055 2371 numeri
2109 2330 2333 2372 manu-

296 2394 552 2458 mittere
599 2393 657 2457 ei
723 2391 1109 2473 conceditur,
1174 2411 1276 2457 ΧΠ
1322 2415 1543 2460 seruos
1608 2395 1875 2460 habenti
1928 2417 2062 2461 non
2109 2397 2331 2482 plures

294 2480 519 2546 liceret
562 2483 1016 2548 manumittere
1054 2504 1247 2567 quam
1284 2501 1415 2568 11113
1463 2489 1530 2548 at
1567 2485 1678 2569 eie,
1727 2486 1838 2569 qui
1881 2486 2096 2569 plures
2135 2508 2331 2570 quam

294 2594 339 2635 x
383 2593 595 2654 neque
635 2568 645 2658 Ι

1115 2659 2328 2753 vv.1-24.⁸—÷÷——-——1

442 2855 493 2923 1)
523 2853 575 2909 ei
602 2853 1001 2909 manumittere
1030 2854 1096 2909 V.
1210 2857 1262 2925 2)
1296 2871 1468 2924 quam
1494 2858 1561 2909 ut
1587 2856 1654 2909 V.
1767 2859 1819 2925 3)
1849 2856 2330 2924 quam—definia-

294 2926 389 2978 tur
422 2926 601 2994 suppl.
642 2928 753 2979 Hu.
864 2927 919 2995 4)
959 2942 1030 2993 eq
1064 2925 1133 2980 V.
1190 2929 1387 2981 eontra
1425 2928 1719 2982 Polenaar.
1836 2930 1890 2997 ὅ)
1926 2928 2070 2983 ‘nihil
2104 2936 2327 2984 mutan-

294 2996 446 3063 dum,
473 2996 543 3063 cf.
578 2995 1029 3065 Vocab.1wispr.
1052 2998 1208 3052 Rom.
1238 2998 1266 3051 Ι
1296 3015 1354 3067 p.
1388 3003 1506 3052 154.
1655 3003 1685 3051 6
1744 2999 2224 3055 manumittuntur
2259 3001 2327 3055 V.

297 3069 349 3137 ¹1)
387 3067 607 3121 ratione
638 3068 947 3135 Pelenaar;
975 3068 1045 3134 cf.
1076 3069 1242 3123 Paul.
1264 3075 1314 3135 2,
1339 3075 1386 3137 1,
1410 3075 1456 3124 1.
1567 3072 1621 3140 8)
1746 3073 1992 3142 payinae
2013 3076 2079 3124 12
2110 3072 2329 3129 Codicis

294 3139 518 3193 lectione
552 3137 953 3208 desperandwn
989 3146 1078 3194 est.
1152 3141 1487 3208 conferenda
1522 3148 1602 3196 est
1627 3142 1703 3194 ad
1730 3159 1813 3209 ea,
1851 3159 1989 3211 quae
2019 3145 2327 3211 pertenent,

299 3209 414 3264 Gai
448 3210 573 3279 epit.
606 3217 654 3277 1,
684 3216 715 3263 2
755 3215 819 3277 ἐξ
850 3215 1015 3265 2-42
1054 3211 1209 3265 Nam
1234 3213 1286 3267 si
1321 3214 1526 3281 aliquis
1561 3218 1874 3268 testamento
1902 3214 2094 3283 plures
2129 3231 2328 3268 manu-

296 3283 501 3336 mittere
545 3282 800 3350 uoluerit,
856 3299 1022 3351 quam
1058 3289 1190 3352 quot
1242 3286 1482 3339 continet
1531 3301 1794 3340 numerus
1844 3301 2020 3354 supra
2071 3287 2331 3355 scriptus,

293 3353 427 3408 ordo
462 3352 774 3408 seruandus
808 3361 911 3408 est:
964 3361 1028 3409 ut
1062 3354 1177 3410 illis
1230 3362 1449 3410 tantum
1496 3356 1718 3411 libertas
1767 3357 1980 3424 ualeat,
2036 3359 2135 3425 qui
2161 3361 2332 3426 prius

292 3568 369 3621 ad
406 3500 591 3634 5534.
660 3496 776 3551 θαι·
823 3498 949 3567 epit.
992 3502 1040 3564 1,
1070 3503 1122 3566 2,
1154 3502 1203 3554 1.
1268 3499 1506 3571 Dionys.
1547 3504 1596 3566 4,
1627 3504 1711 3552 24.
1777 3499 1927 3554 inter
1963 3497 2199 3571 amieos]
2255 3501 2329 3568 cf.
