2650 3917
321 159 410 223 50
659 159 720 213 L.
760 157 1165 213 CORNELIVS
1203 158 1483 212 BALBVS
1522 190 1589 199 —
1634 158 2015 215 VERANIVS.

453 322 541 389 12.
589 322 756 387 ὅθεν
783 409 799 434 ,
820 321 855 386 ὁ
922 326 1280 432 {nenegasse
1400 322 1576 389 Unde
1642 322 1929 388 Messala
2008 343 2149 388 eum
2226 343 2353 389 csse

186 569 195 578 ἱ
319 408 1139 585 ἶὲἷτὲἴωνῗίοᾷῗᾶῗνῖιαὶε
1143 435 1279 584 21))ξὲ
1388 503 1602 583 quinto
1682 412 2354 567 Zabram&

320 589 425 654 ἐπὶ
451 599 567 674 τῆς
602 589 896 673 πέμπτης
923 598 1044 654 τοῦ
1072 590 1281 673 μηνὸς
1384 591 1585 671 ferias
1657 590 1893 656 Aeonis
1969 590 2357 656 celebrabant

267 706 290 746 5
319 680 561 744 τούτου
591 678 827 763 ἑορτὴν
865 679 1108 754 αἰῶνος
1134 677 1279 743 ἐπε-
1388 685 1625 745 veteres.

318 767 559 834 τέλουν
579 770 645 833 οἱ
662 769 880 833 πάλαι.
900 768 1101 832 -Ιο.
1118 768 1279 851 Isyd.

319 858 393 921 de
438 878 625 923 mens.
654 857 716 940 4,
749 857 784 920 1
822 879 892 939 p.
923 856 1027 939 64,
1057 857 1141 921 12
1186 858 1277 921 ed.

323 946 652 1100 lIVfflch.
713 948 789 1028 cf.
827 946 1109 1011 Macrob.
1148 945 1279 1011 Sat.

360 1087 377 1120 7
449 1086 468 1119 2
588 1087 600 1099 ⁸

237 1188 289 1227 10
833 1159 903 1224 L.
953 1157 1446 1225 CORNELIVS
1493 1158 1834 1224 BALBVS

893 1263 1169 1333 (pontifex
1204 1263 1457 1318 eiusdem
1494 1264 1734 1332 aetatis).
1747 1264 1765 1295 ¹

1047 1367 1114 1424 'E
1119 1372 1598 1429 ΞΗΓΗΤΙΚΩΝ.

448 1462 496 1528 1.
544 1463 634 1527 Ε1)
699 1461 1034 1528 Cornelius
1098 1462 1343 1527 Balbus
1408 1459 1808 1546 ἐξηγητικῶν
1870 1461 2039 1527 libro
2116 1467 2353 1530 octauo

317 1553 565 1618 decimo
612 1553 705 1616 ait
751 1553 921 1637 apud
962 1574 1136 1616 aram
1193 1551 1539 1615 maximam
1597 1550 2028 1635 obseruatum,
2081 1575 2163 1617 ne
2217 1555 2355 1620 lec—

238 1670 287 1710 ιε
317 1641 682 1706 tisternjum
728 1642 860 1705 fiat.
909 1678 993 1687 -
1040 1641 1324 1706 Macrob.
1371 1639 1505 1705 Sat.
1546 1641 1605 1724 3,
1643 1642 1704 1723 6,
1746 1642 1844 1705 16.

448 1730 505 1796 2.
550 1728 883 1796 Cornelius
911 1729 1154 1794 Balbus
1175 1728 1621 1814 Hymenaeum
1642 1730 1750 1814 ait,
1768 1728 2092 1816 Magnetis
2120 1731 2357 1818 filium,

316 1820 594 1885 musicae
658 1820 816 1884 artis
880 1820 1187 1903 peritum,
1251 1818 1733 1902 pulchritudine
1801 1819 2127 1903 muliebri,
2192 1820 2354 1887 dum

315 1908 572 1993 nuptias
627 1908 843 1974 Liberi
905 1909 1107 1993 patris
1169 1912 1233 1973 et
1286 1907 1600 1973 Althaeae
1663 1908 1982 1994 religiosis
2048 1910 2357 1976 cantibus

315 1998 621 2082 celebrat,
685 1998 1066 2082 exspirasse:
1130 2002 1398 2081 propter
1462 1998 1635 2081 quod
1689 1998 1748 2062 ei
1793 1997 1942 2063 talis
2006 1998 2215 2063 honor
2278 2001 2357 2066 in

235 2117 286 2155 20
314 2086 561 2171 nuptiis
608 2087 971 2151 adtributus
1019 2089 1134 2168 est,
1169 2090 1245 2151 ut
1291 2086 1635 2151 celebratio
1682 2087 1965 2153 nominis
2002 2088 2140 2153 eius
2186 2110 2356 2173 nup-

312 2178 548 2240 tiarum
608 2176 1073 2261 iungendarum
1129 2179 1511 2260 perpetuum
1569 2197 1757 2240 omen
1812 2179 1995 2240 esset.
2048 2214 2123 2223 —
2174 2176 2357 2245 Serv.

313 2265 403 2329 ad
460 2265 631 2347 Very.
678 2265 836 2330 Aen.
872 2266 937 2348 4,
979 2265 1121 2328 127.

1098 2441 1411 2507 VERAN
1414 2441 1558 2507 IVS

806 2548 1072 2618 (incertae
1111 2547 1210 2600 sed
1246 2547 1416 2600 huius
1453 2546 1571 2601 fere
1607 2547 1849 2616 aetatis).

233 2687 283 2726 2⁵
1042 2654 1475 2710 AVSPIGIOR
1488 2654 1618 2708 VM.

445 2746 492 2810 1.
541 2745 814 2810 ‘Referri
863 2747 1031 2810 diem
1086 2746 1474 2830 prodictam,
1528 2746 1596 2811 id
1652 2750 1751 2810 est
1816 2747 2140 2832 anteferri,
2196 2749 2354 2813 reli-

312 2835 564 2941 giosum
601 2837 742 2940 θε1)’,
780 2839 853 2900 ut
890 2836 981 2899 ait
1007 2834 1324 2901 Veranius
1363 2838 1431 2901 in
1469 2856 1563 2918 00,
1610 2835 1721 2919 qui
1768 2839 1866 2900 est
1911 2837 2354 2921 auspiciorum

311 2982 360 3030 ct
403 2994 452 3030 v.
657 2979 718 3030 ia
746 2994 804 3044 p
838 2980 940 3028 355
996 2982 1236 3042 exstant,
1274 2976 1698 3045 adscripseram,
1734 2992 2068 3045 quamquam
2104 2978 2354 3033 citosdem

310 2983 658 3102 ποπυιᾶἵιη·
688 3064 922 3101 monens.
996 3063 1147 3101 nunc
1190 3065 1255 3101 ea
1291 3064 1360 3101 ne
1406 3047 1616 3102 Valerii
1658 3048 1876 3115 quidem
1915 3048 2190 3103 Messalae
2233 3066 2354 3106 esse

312 3119 498 3173 docuit
550 3118 771 3173 Schoell
811 3119 845 3172 1.
885 3135 927 3173 c.
957 3136 1018 3187 p.
1050 3123 1133 3172 37
1208 3135 1332 3172 cum
1375 3135 1499 3173 vero
1545 3136 1642 3173 nec
1695 3119 1772 3172 ad
1820 3118 2101 3173 Valem’wm
2145 3120 2355 3176 lotum

309 3197 548 3259 spectare
592 3191 900 3256 videantur,
947 3191 1023 3244 ad
1076 3207 1231 3259 quem
1278 3189 1387 3244 Cic
1426 3191 1503 3244 ad
1536 3193 1669 3258 fam
1705 3197 1752 3257 1,
1786 3195 1851 3243 10
1907 3191 2107 3245 collata
2146 3195 2276 3259 8,1,
2310 3199 2348 3246 3

309 3263 544 3330 scripsit,
579 3262 674 3315 sed
709 3260 786 3315 ad
826 3261 887 3331 Q.
930 3262 1207 3316 Valerium
1244 3260 1522 3316 Soranum
1554 3264 1974 3333 qrammaticum
2009 3269 2060 3317 et
2096 3264 2352 3330 antiqui-

312 3338 487 3386 tatum
548 3338 916 3399 scrutatorem,
971 3350 1123 3386 nunc
1174 3333 1306 3387 hacc
1343 3334 1461 3387 loca
1518 3333 1819 3388 omittenda
1872 3350 1980 3388 esse
2033 3335 2355 3391 arbitratus

308 3404 469 3458 sum'.
510 3405 627 3459 Ηα.
856 3406 907 3474 1)
944 3405 1012 3470 cf.
1054 3404 1233 3458 Vellei.
1275 3410 1325 3471 2,
1348 3409 1432 3472 51,
1455 3409 1505 3458 3.
1561 3405 1765 3459 Eckhel
1800 3404 1843 3470 Ι,
1884 3410 1967 3458 21.
2035 3406 2352 3461 Drumavm

309 3475 597 3614 Ιόξῖεεοὴ.
530 3476 698 3530 Roms
732 3474 800 3542 ΙΙ,
832 3480 934 3529 609
965 3474 1078 3544 (11²,
1109 3477 1250 3543 524)
1321 3475 1511 3547 Groaq
1536 3477 1601 3530 in
1630 3476 1851 3546 Pauly·
1866 3477 2131 3531 Wissowa
2161 3477 2231 3532 R.
2264 3478 2349 3532 Ε.
