<?xml version="1.0" encoding="UTF-8"?>
<!DOCTYPE html PUBLIC "-//W3C//DTD XHTML 1.0 Transitional//EN"
    "http://www.w3.org/TR/xhtml1/DTD/xhtml1-transitional.dtd">
<html xmlns="http://www.w3.org/1999/xhtml" xml:lang="en" lang="en">
 <head>
  <title>
</title>
<meta http-equiv="Content-Type" content="text/html;charset=utf-8" />
  <meta name='ocr-system' content='tesseract 3.04.00' />
  <meta name='ocr-capabilities' content='ocr_page ocr_carea ocr_par ocr_line ocrx_word'/>
</head>
<body>
  <div class='ocr_page' id='page_1' title='image "./ivrisprvdentiae00kbgoog/ivrisprvdentiae00kbgoog_0158.png"; bbox 0 0 2650 3917; ppageno 0'>
   <div class='ocr_carea' id='block_1_1' title="bbox 361 158 2065 224">
    <p class='ocr_par' dir='ltr' id='par_1_1' title="bbox 361 158 2065 224">
     <span class='ocr_line' id='line_1_1' title="bbox 361 158 2065 224; baseline 0 -9"><span class='ocrx_word' id='word_1_1' title='bbox 361 160 488 224; x_wconf 79' lang='lat'><strong>122</strong></span> <span class='ocrx_word' id='word_1_2' title='bbox 686 159 786 213; x_wconf 88' lang='lat' dir='ltr'><strong>AD</strong></span> <span class='ocrx_word' id='word_1_3' title='bbox 826 158 1062 215; x_wconf 83' lang='lat' dir='ltr'>GAIVM</span> <span class='ocrx_word' id='word_1_4' title='bbox 1099 159 1452 215; x_wconf 81' lang='lat' dir='ltr'><strong>PRAEFAT.</strong></span> <span class='ocrx_word' id='word_1_5' title='bbox 1491 160 1838 216; x_wconf 86' lang='lat' dir='ltr'>HVSCHKII</span> <span class='ocrx_word' id='word_1_6' title='bbox 1872 160 1985 214; x_wconf 88' lang='lat' dir='ltr'><strong>ED.</strong></span> <span class='ocrx_word' id='word_1_7' title='bbox 2024 162 2065 215; x_wconf 93' lang='lat' dir='ltr'><strong>I.</strong></span> 
     </span>
    </p>
   </div>
   <div class='ocr_carea' id='block_1_2' title="bbox 298 329 2399 2101">
    <p class='ocr_par' dir='ltr' id='par_1_2' title="bbox 298 329 2399 2101">
     <span class='ocr_line' id='line_1_2' title="bbox 354 329 2393 409; baseline 0.001 -21"><span class='ocrx_word' id='word_1_8' title='bbox 354 330 427 388; x_wconf 92' lang='lat' dir='ltr'><strong>de</strong></span> <span class='ocrx_word' id='word_1_9' title='bbox 473 329 733 406; x_wconf 82' lang='lat' dir='ltr'><strong>regulis,</strong></span> <span class='ocrx_word' id='word_1_10' title='bbox 786 331 1013 405; x_wconf 87' lang='lat' dir='ltr'><strong>partim</strong></span> <span class='ocrx_word' id='word_1_11' title='bbox 1068 333 1195 388; x_wconf 90' lang='lat' dir='ltr'><strong>arte</strong></span> <span class='ocrx_word' id='word_1_12' title='bbox 1260 331 1520 407; x_wconf 88' lang='lat' dir='ltr'><strong>quadam</strong></span> <span class='ocrx_word' id='word_1_13' title='bbox 1586 332 1981 406; x_wconf 88' lang='lat' dir='ltr'><strong>compositum</strong></span> <span class='ocrx_word' id='word_1_14' title='bbox 2042 332 2393 409; x_wconf 84' lang='lat' dir='ltr'><strong>regularum</strong></span> 
     </span>
     <span class='ocr_line' id='line_1_3' title="bbox 354 411 2393 501; baseline 0.001 -25"><span class='ocrx_word' id='word_1_15' title='bbox 354 418 527 477; x_wconf 87' lang='lat' dir='ltr'><strong>libris</strong></span> <span class='ocrx_word' id='word_1_16' title='bbox 538 412 580 493; x_wconf 80' lang='lat'><strong>¹,</strong></span> <span class='ocrx_word' id='word_1_17' title='bbox 638 417 952 478; x_wconf 84' lang='lat' dir='ltr'><strong>accedente</strong></span> <span class='ocrx_word' id='word_1_18' title='bbox 1018 418 1090 477; x_wconf 89' lang='lat' dir='ltr'><strong>de</strong></span> <span class='ocrx_word' id='word_1_19' title='bbox 1156 419 1390 479; x_wconf 83' lang='lat' dir='ltr'><strong>casibus</strong></span> <span class='ocrx_word' id='word_1_20' title='bbox 1457 411 1778 501; x_wconf 86' lang='lat' dir='ltr'><strong>(exceptis)</strong></span> <span class='ocrx_word' id='word_1_21' title='bbox 1851 419 2005 479; x_wconf 90' lang='lat' dir='ltr'><strong>libro</strong></span> <span class='ocrx_word' id='word_1_22' title='bbox 2077 421 2393 499; x_wconf 78' lang='lat' dir='ltr'><strong>singulari,</strong></span> 
     </span>
     <span class='ocr_line' id='line_1_4' title="bbox 354 506 2393 583; baseline 0.001 -16"><span class='ocrx_word' id='word_1_23' title='bbox 354 512 633 568; x_wconf 81' lang='lat' dir='ltr'><strong>executus</strong></span> <span class='ocrx_word' id='word_1_24' title='bbox 680 510 787 566; x_wconf 90' lang='lat' dir='ltr'><strong>est.</strong></span> <span class='ocrx_word' id='word_1_25' title='bbox 881 506 998 567; x_wconf 86' lang='lat' dir='ltr'><strong>Sed</strong></span> <span class='ocrx_word' id='word_1_26' title='bbox 1043 527 1162 567; x_wconf 92' lang='lat' dir='ltr'><strong>non</strong></span> <span class='ocrx_word' id='word_1_27' title='bbox 1210 509 1584 569; x_wconf 80' lang='lat' dir='ltr'><strong>satisfaciens</strong></span> <span class='ocrx_word' id='word_1_28' title='bbox 1630 508 1764 583; x_wconf 84' lang='lat' dir='ltr'><strong>sibi,</strong></span> <span class='ocrx_word' id='word_1_29' title='bbox 1810 510 1930 568; x_wconf 91' lang='lat' dir='ltr'><strong>nisi</strong></span> <span class='ocrx_word' id='word_1_30' title='bbox 1967 511 2028 566; x_wconf 90' lang='lat' dir='ltr'><strong>et</strong></span> <span class='ocrx_word' id='word_1_31' title='bbox 2072 511 2393 569; x_wconf 83' lang='lat' dir='ltr'><strong>universae</strong></span> 
     </span>
     <span class='ocr_line' id='line_1_5' title="bbox 298 596 2393 678; baseline 0 -22"><span class='ocrx_word' id='word_1_32' title='bbox 298 674 303 678; x_wconf 88' lang='lat'><strong>.</strong></span> <span class='ocrx_word' id='word_1_33' title='bbox 353 597 579 673; x_wconf 86' lang='lat' dir='ltr'><strong>privati</strong></span> <span class='ocrx_word' id='word_1_34' title='bbox 633 598 781 656; x_wconf 88' lang='lat' dir='ltr'><strong>iuris</strong></span> <span class='ocrx_word' id='word_1_35' title='bbox 835 596 1192 673; x_wconf 76' lang='lat' dir='ltr'><strong>prudentiae</strong></span> <span class='ocrx_word' id='word_1_36' title='bbox 1237 598 1300 656; x_wconf 92' lang='lat' dir='ltr'><strong>in</strong></span> <span class='ocrx_word' id='word_1_37' title='bbox 1350 601 1540 657; x_wconf 89' lang='lat' dir='ltr'><strong>artem</strong></span> <span class='ocrx_word' id='word_1_38' title='bbox 1594 598 1869 658; x_wconf 89' lang='lat' dir='ltr'><strong>redactae</strong></span> <span class='ocrx_word' id='word_1_39' title='bbox 1923 599 2247 677; x_wconf 84' lang='lat' dir='ltr'><strong>imaginem</strong></span> <span class='ocrx_word' id='word_1_40' title='bbox 2294 618 2393 659; x_wconf 86' lang='lat' dir='ltr'><strong>ex-</strong></span> 
     </span>
     <span class='ocr_line' id='line_1_6' title="bbox 352 686 2396 765; baseline 0 -19"><span class='ocrx_word' id='word_1_41' title='bbox 352 686 676 762; x_wconf 79' lang='lat' dir='ltr'><strong>sculperet,</strong></span> <span class='ocrx_word' id='word_1_42' title='bbox 724 687 908 744; x_wconf 89' lang='lat' dir='ltr'><strong>etiam</strong></span> <span class='ocrx_word' id='word_1_43' title='bbox 954 704 1173 747; x_wconf 80' lang='lat' dir='ltr'><strong>novam</strong></span> <span class='ocrx_word' id='word_1_44' title='bbox 1218 686 1452 747; x_wconf 85' lang='lat' dir='ltr'><strong>addidit</strong></span> <span class='ocrx_word' id='word_1_45' title='bbox 1496 687 1728 765; x_wconf 87' lang='lat' dir='ltr'><strong>bigam,</strong></span> <span class='ocrx_word' id='word_1_46' title='bbox 1783 686 2226 763; x_wconf 82' lang='lat' dir='ltr'><strong>InstitutioneS,</strong></span> <span class='ocrx_word' id='word_1_47' title='bbox 2282 708 2396 764; x_wconf 90' lang='lat' dir='ltr'><strong>per</strong></span> 
     </span>
     <span class='ocr_line' id='line_1_7' title="bbox 355 775 2395 855; baseline 0.001 -21"><span class='ocrx_word' id='word_1_48' title='bbox 355 795 504 851; x_wconf 90' lang='lat' dir='ltr'><strong>quas</strong></span> <span class='ocrx_word' id='word_1_49' title='bbox 552 775 626 835; x_wconf 92' lang='lat' dir='ltr'><strong>ad</strong></span> <span class='ocrx_word' id='word_1_50' title='bbox 689 775 1223 851; x_wconf 90' lang='lat' dir='ltr'><strong>iurisprudentiam</strong></span> <span class='ocrx_word' id='word_1_51' title='bbox 1289 777 1663 851; x_wconf 89' lang='lat' dir='ltr'><strong>adspirantes</strong></span> <span class='ocrx_word' id='word_1_52' title='bbox 1718 778 1860 835; x_wconf 85' lang='lat' dir='ltr'><strong>viva</strong></span> <span class='ocrx_word' id='word_1_53' title='bbox 1915 779 2205 855; x_wconf 82' lang='lat' dir='ltr'><strong>magistri</strong></span> <span class='ocrx_word' id='word_1_54' title='bbox 2244 796 2395 838; x_wconf 84' lang='lat' dir='ltr'><strong>voce</strong></span> 
     </span>
     <span class='ocr_line' id='line_1_8' title="bbox 353 865 2393 942; baseline 0.001 -20"><span class='ocrx_word' id='word_1_55' title='bbox 353 865 722 938; x_wconf 88' lang='lat' dir='ltr'><strong>docerentur,</strong></span> <span class='ocrx_word' id='word_1_56' title='bbox 761 867 823 924; x_wconf 91' lang='lat' dir='ltr'><strong>et</strong></span> <span class='ocrx_word' id='word_1_57' title='bbox 858 883 1057 923; x_wconf 87' lang='lat' dir='ltr'><strong>rerum</strong></span> <span class='ocrx_word' id='word_1_58' title='bbox 1106 865 1593 940; x_wconf 89' lang='lat' dir='ltr'><strong>quotidianarum</strong></span> <span class='ocrx_word' id='word_1_59' title='bbox 1628 865 1814 924; x_wconf 90' lang='lat' dir='ltr'><strong>libros</strong></span> <span class='ocrx_word' id='word_1_60' title='bbox 1853 868 2101 942; x_wconf 87' lang='lat' dir='ltr'><strong>septem,</strong></span> <span class='ocrx_word' id='word_1_61' title='bbox 2148 886 2218 924; x_wconf 85' lang='lat' dir='ltr'><strong>ex</strong></span> <span class='ocrx_word' id='word_1_62' title='bbox 2256 868 2393 942; x_wconf 87' lang='lat' dir='ltr'><strong>qui-</strong></span> 
     </span>
     <span class='ocr_line' id='line_1_9' title="bbox 352 947 2395 1029; baseline 0 -16"><span class='ocrx_word' id='word_1_63' title='bbox 352 954 463 1014; x_wconf 92' lang='lat' dir='ltr'><strong>bus</strong></span> <span class='ocrx_word' id='word_1_64' title='bbox 501 955 587 1013; x_wconf 85' lang='lat' dir='ltr'><strong>sic</strong></span> <span class='ocrx_word' id='word_1_65' title='bbox 632 952 850 1012; x_wconf 87' lang='lat' dir='ltr'><strong>imbuti</strong></span> <span class='ocrx_word' id='word_1_66' title='bbox 885 972 948 1012; x_wconf 90' lang='lat' dir='ltr'><strong>se</strong></span> <span class='ocrx_word' id='word_1_67' title='bbox 983 957 1147 1029; x_wconf 89' lang='lat' dir='ltr'><strong>ipsos</strong></span> <span class='ocrx_word' id='word_1_68' title='bbox 1193 954 1456 1014; x_wconf 91' lang='lat' dir='ltr'><strong>docendo</strong></span> <span class='ocrx_word' id='word_1_69' title='bbox 1504 953 1891 1014; x_wconf 87' lang='lat' dir='ltr'><strong>addiscerent.</strong></span> <span class='ocrx_word' id='word_1_70' title='bbox 1907 947 1931 985; x_wconf 80' lang='lat'>²</span> <span class='ocrx_word' id='word_1_71' title='bbox 2022 953 2219 1014; x_wconf 85' lang='lat' dir='ltr'><strong>Ceteri</strong></span> <span class='ocrx_word' id='word_1_72' title='bbox 2265 956 2395 1015; x_wconf 89' lang='lat' dir='ltr'><strong>eius</strong></span> 
     </span>
     <span class='ocr_line' id='line_1_10' title="bbox 352 1044 2394 1120; baseline 0 -18"><span class='ocrx_word' id='word_1_73' title='bbox 352 1044 495 1102; x_wconf 85' lang='lat' dir='ltr'><strong>libri</strong></span> <span class='ocrx_word' id='word_1_74' title='bbox 538 1046 779 1102; x_wconf 90' lang='lat' dir='ltr'><strong>tantum</strong></span> <span class='ocrx_word' id='word_1_75' title='bbox 815 1044 1229 1119; x_wconf 90' lang='lat' dir='ltr'><strong>supplementa</strong></span> <span class='ocrx_word' id='word_1_76' title='bbox 1267 1044 1563 1120; x_wconf 85' lang='lat' dir='ltr'><strong>quaedam</strong></span> <span class='ocrx_word' id='word_1_77' title='bbox 1599 1044 1881 1103; x_wconf 84' lang='lat' dir='ltr'><strong>videntur</strong></span> <span class='ocrx_word' id='word_1_78' title='bbox 1915 1044 2097 1105; x_wconf 86' lang='lat' dir='ltr'><strong>fuisse</strong></span> <span class='ocrx_word' id='word_1_79' title='bbox 2134 1047 2394 1104; x_wconf 85' lang='lat' dir='ltr'><strong>maxime</strong></span> 
     </span>
     <span class='ocr_line' id='line_1_11' title="bbox 353 1132 2396 1209; baseline 0 -17"><span class='ocrx_word' id='word_1_80' title='bbox 353 1152 560 1192; x_wconf 90' lang='lat' dir='ltr'><strong>eorum</strong></span> <span class='ocrx_word' id='word_1_81' title='bbox 604 1132 920 1207; x_wconf 90' lang='lat' dir='ltr'><strong>librorum,</strong></span> <span class='ocrx_word' id='word_1_82' title='bbox 977 1151 1124 1208; x_wconf 91' lang='lat' dir='ltr'><strong>quos</strong></span> <span class='ocrx_word' id='word_1_83' title='bbox 1172 1133 1248 1191; x_wconf 90' lang='lat' dir='ltr'><strong>ad</strong></span> <span class='ocrx_word' id='word_1_84' title='bbox 1297 1133 1558 1192; x_wconf 85' lang='lat' dir='ltr'><strong>edictum</strong></span> <span class='ocrx_word' id='word_1_85' title='bbox 1607 1137 2051 1209; x_wconf 87' lang='lat' dir='ltr'><strong>composuerat,</strong></span> <span class='ocrx_word' id='word_1_86' title='bbox 2107 1134 2275 1194; x_wconf 84' lang='lat' dir='ltr'><strong>velut</strong></span> <span class='ocrx_word' id='word_1_87' title='bbox 2321 1134 2396 1193; x_wconf 90' lang='lat' dir='ltr'><strong>de</strong></span> 
     </span>
     <span class='ocr_line' id='line_1_12' title="bbox 299 1221 2398 1294; baseline 0 -12"><span class='ocrx_word' id='word_1_88' title='bbox 299 1277 306 1282; x_wconf 81' lang='grc'><strong><em>,</em></strong></span> <span class='ocrx_word' id='word_1_89' title='bbox 352 1222 825 1282; x_wconf 86' lang='lat' dir='ltr'><strong>fideicommissis</strong></span> <span class='ocrx_word' id='word_1_90' title='bbox 881 1225 941 1281; x_wconf 89' lang='lat' dir='ltr'><strong>et</strong></span> <span class='ocrx_word' id='word_1_91' title='bbox 995 1221 1068 1280; x_wconf 94' lang='lat' dir='ltr'><strong>de</strong></span> <span class='ocrx_word' id='word_1_92' title='bbox 1132 1222 1729 1294; x_wconf 77' lang='lat' dir='ltr'><strong>manumissionibuS,</strong></span> <span class='ocrx_word' id='word_1_93' title='bbox 1792 1240 1928 1281; x_wconf 89' lang='lat' dir='ltr'><strong>cum</strong></span> <span class='ocrx_word' id='word_1_94' title='bbox 1992 1223 2068 1282; x_wconf 90' lang='lat' dir='ltr'><strong>ad</strong></span> <span class='ocrx_word' id='word_1_95' title='bbox 2132 1223 2398 1282; x_wconf 89' lang='lat' dir='ltr'><strong>edictum</strong></span> 
     </span>
     <span class='ocr_line' id='line_1_13' title="bbox 353 1310 2398 1389; baseline 0 -18"><span class='ocrx_word' id='word_1_96' title='bbox 353 1311 626 1371; x_wconf 90' lang='lat' dir='ltr'><strong>urbicum</strong></span> <span class='ocrx_word' id='word_1_97' title='bbox 670 1311 848 1369; x_wconf 90' lang='lat' dir='ltr'><strong>modo</strong></span> <span class='ocrx_word' id='word_1_98' title='bbox 894 1310 967 1368; x_wconf 93' lang='lat' dir='ltr'><strong>de</strong></span> <span class='ocrx_word' id='word_1_99' title='bbox 1014 1310 1232 1388; x_wconf 88' lang='lat' dir='ltr'><strong>legatis</strong></span> <span class='ocrx_word' id='word_1_100' title='bbox 1279 1315 1340 1370; x_wconf 91' lang='lat' dir='ltr'><strong>et</strong></span> <span class='ocrx_word' id='word_1_101' title='bbox 1383 1310 1456 1369; x_wconf 90' lang='lat' dir='ltr'><strong>de</strong></span> <span class='ocrx_word' id='word_1_102' title='bbox 1511 1312 1750 1371; x_wconf 90' lang='lat' dir='ltr'><strong>liberali</strong></span> <span class='ocrx_word' id='word_1_103' title='bbox 1805 1331 1986 1371; x_wconf 89' lang='lat' dir='ltr'><strong>causa</strong></span> <span class='ocrx_word' id='word_1_104' title='bbox 2040 1312 2398 1389; x_wconf 87' lang='lat' dir='ltr'><strong>scripsisset,</strong></span> 
     </span>
     <span class='ocr_line' id='line_1_14' title="bbox 356 1399 2397 1477; baseline 0.001 -18"><span class='ocrx_word' id='word_1_105' title='bbox 356 1400 427 1460; x_wconf 93' lang='lat' dir='ltr'><strong>de</strong></span> <span class='ocrx_word' id='word_1_106' title='bbox 473 1400 790 1459; x_wconf 85' lang='lat' dir='ltr'><strong>verborum</strong></span> <span class='ocrx_word' id='word_1_107' title='bbox 837 1399 1322 1476; x_wconf 88' lang='lat' dir='ltr'><strong>obligationibus,</strong></span> <span class='ocrx_word' id='word_1_108' title='bbox 1361 1420 1496 1459; x_wconf 91' lang='lat' dir='ltr'><strong>cum</strong></span> <span class='ocrx_word' id='word_1_109' title='bbox 1534 1400 1611 1460; x_wconf 92' lang='lat' dir='ltr'><strong>ad</strong></span> <span class='ocrx_word' id='word_1_110' title='bbox 1647 1401 1907 1461; x_wconf 87' lang='lat' dir='ltr'><strong>edictum</strong></span> <span class='ocrx_word' id='word_1_111' title='bbox 1946 1404 2185 1461; x_wconf 90' lang='lat' dir='ltr'><strong>tantum</strong></span> <span class='ocrx_word' id='word_1_112' title='bbox 2219 1420 2397 1477; x_wconf 85' lang='lat' dir='ltr'><strong>prae-</strong></span> 
     </span>
     <span class='ocr_line' id='line_1_15' title="bbox 353 1488 2399 1569; baseline 0.001 -21"><span class='ocrx_word' id='word_1_113' title='bbox 353 1492 544 1548; x_wconf 89' lang='lat' dir='ltr'><strong>toriae</strong></span> <span class='ocrx_word' id='word_1_114' title='bbox 618 1490 1041 1566; x_wconf 80' lang='lat' dir='ltr'><strong>stipulationes</strong></span> <span class='ocrx_word' id='word_1_115' title='bbox 1105 1489 1491 1566; x_wconf 86' lang='lat' dir='ltr'><strong>explicandae</strong></span> <span class='ocrx_word' id='word_1_116' title='bbox 1557 1494 1778 1566; x_wconf 87' lang='lat' dir='ltr'><strong>essent,</strong></span> <span class='ocrx_word' id='word_1_117' title='bbox 1844 1490 1916 1549; x_wconf 91' lang='lat' dir='ltr'><strong>de</strong></span> <span class='ocrx_word' id='word_1_118' title='bbox 1979 1490 2109 1569; x_wconf 89' lang='lat' dir='ltr'><strong>lege</strong></span> <span class='ocrx_word' id='word_1_119' title='bbox 2174 1488 2399 1566; x_wconf 81' lang='lat' dir='ltr'><strong>Glitia,</strong></span> 
     </span>
     <span class='ocr_line' id='line_1_16' title="bbox 355 1577 2397 1655; baseline 0.001 -17"><span class='ocrx_word' id='word_1_120' title='bbox 355 1599 513 1655; x_wconf 88' lang='lat' dir='ltr'><strong>quae</strong></span> <span class='ocrx_word' id='word_1_121' title='bbox 560 1578 636 1637; x_wconf 91' lang='lat' dir='ltr'><strong>ad</strong></span> <span class='ocrx_word' id='word_1_122' title='bbox 701 1578 1159 1638; x_wconf 85' lang='lat' dir='ltr'><strong>centumvirales</strong></span> <span class='ocrx_word' id='word_1_123' title='bbox 1225 1597 1434 1638; x_wconf 84' lang='lat' dir='ltr'><strong>causas</strong></span> <span class='ocrx_word' id='word_1_124' title='bbox 1499 1579 1813 1655; x_wconf 89' lang='lat' dir='ltr'><strong>spectabat</strong></span> <span class='ocrx_word' id='word_1_125' title='bbox 1865 1581 2025 1637; x_wconf 90' lang='lat' dir='ltr'><strong>inter</strong></span> <span class='ocrx_word' id='word_1_126' title='bbox 2071 1579 2165 1638; x_wconf 92' lang='lat' dir='ltr'><strong>ius</strong></span> <span class='ocrx_word' id='word_1_127' title='bbox 2213 1577 2397 1640; x_wconf 84' lang='lat' dir='ltr'><strong>civile</strong></span> 
     </span>
     <span class='ocr_line' id='line_1_17' title="bbox 356 1667 2398 1746; baseline 0 -19"><span class='ocrx_word' id='word_1_128' title='bbox 356 1671 419 1727; x_wconf 90' lang='lat' dir='ltr'><strong>et</strong></span> <span class='ocrx_word' id='word_1_129' title='bbox 462 1670 833 1745; x_wconf 89' lang='lat' dir='ltr'><strong>praetorium</strong></span> <span class='ocrx_word' id='word_1_130' title='bbox 876 1668 1282 1744; x_wconf 89' lang='lat' dir='ltr'><strong>interpositas,</strong></span> <span class='ocrx_word' id='word_1_131' title='bbox 1329 1667 1402 1727; x_wconf 90' lang='lat' dir='ltr'><strong>de</strong></span> <span class='ocrx_word' id='word_1_132' title='bbox 1453 1667 1607 1727; x_wconf 78' lang='lat' dir='ltr'><strong>Soc.</strong></span> <span class='ocrx_word' id='word_1_133' title='bbox 1648 1669 2019 1728; x_wconf 85' lang='lat' dir='ltr'><strong>Tertulliano</strong></span> <span class='ocrx_word' id='word_1_134' title='bbox 2068 1672 2129 1728; x_wconf 92' lang='lat' dir='ltr'><strong>et</strong></span> <span class='ocrx_word' id='word_1_135' title='bbox 2175 1667 2398 1746; x_wconf 85' lang='lat' dir='ltr'><strong>Orphi-</strong></span> 
     </span>
     <span class='ocr_line' id='line_1_18' title="bbox 352 1756 2399 1834; baseline 0 -17"><span class='ocrx_word' id='word_1_136' title='bbox 352 1759 540 1832; x_wconf 85' lang='lat' dir='ltr'><strong>tiano,</strong></span> <span class='ocrx_word' id='word_1_137' title='bbox 578 1776 730 1834; x_wconf 90' lang='lat' dir='ltr'><strong>quae</strong></span> <span class='ocrx_word' id='word_1_138' title='bbox 769 1759 965 1831; x_wconf 90' lang='lat' dir='ltr'><strong>antea,</strong></span> <span class='ocrx_word' id='word_1_139' title='bbox 1004 1775 1137 1815; x_wconf 90' lang='lat' dir='ltr'><strong>cum</strong></span> <span class='ocrx_word' id='word_1_140' title='bbox 1176 1756 1600 1833; x_wconf 87' lang='lat' dir='ltr'><strong>Orphitianum</strong></span> <span class='ocrx_word' id='word_1_141' title='bbox 1639 1757 1877 1816; x_wconf 90' lang='lat' dir='ltr'><strong>demum</strong></span> <span class='ocrx_word' id='word_1_142' title='bbox 1913 1776 1966 1816; x_wconf 87' lang='lat' dir='ltr'><strong>a.</strong></span> <span class='ocrx_word' id='word_1_143' title='bbox 2000 1758 2125 1817; x_wconf 85' lang='lat'><strong>178</strong></span> <span class='ocrx_word' id='word_1_144' title='bbox 2164 1758 2399 1818; x_wconf 88' lang='lat' dir='ltr'><strong>factum</strong></span> 
     </span>
     <span class='ocr_line' id='line_1_19' title="bbox 354 1847 2398 1923; baseline 0 -17"><span class='ocrx_word' id='word_1_145' title='bbox 354 1850 536 1921; x_wconf 91' lang='lat' dir='ltr'><strong>esset,</strong></span> <span class='ocrx_word' id='word_1_146' title='bbox 582 1847 758 1922; x_wconf 87' lang='lat' dir='ltr'><strong>plene</strong></span> <span class='ocrx_word' id='word_1_147' title='bbox 810 1848 1072 1906; x_wconf 90' lang='lat' dir='ltr'><strong>tractare</strong></span> <span class='ocrx_word' id='word_1_148' title='bbox 1127 1847 1394 1906; x_wconf 89' lang='lat' dir='ltr'><strong>nondum</strong></span> <span class='ocrx_word' id='word_1_149' title='bbox 1446 1849 1743 1923; x_wconf 90' lang='lat' dir='ltr'><strong>potuerat.</strong></span> <span class='ocrx_word' id='word_1_150' title='bbox 1833 1847 2014 1906; x_wconf 90' lang='lat' dir='ltr'><strong>Liber</strong></span> <span class='ocrx_word' id='word_1_151' title='bbox 2068 1847 2228 1906; x_wconf 90' lang='lat' dir='ltr'><strong>enim</strong></span> <span class='ocrx_word' id='word_1_152' title='bbox 2274 1849 2398 1907; x_wconf 89' lang='lat' dir='ltr'><strong>sin-</strong></span> 
     </span>
     <span class='ocr_line' id='line_1_20' title="bbox 354 1934 2399 2014; baseline 0.001 -20"><span class='ocrx_word' id='word_1_153' title='bbox 354 1936 580 2014; x_wconf 87' lang='lat' dir='ltr'><strong>gularis</strong></span> <span class='ocrx_word' id='word_1_154' title='bbox 609 1936 682 1995; x_wconf 88' lang='lat' dir='ltr'><strong>de</strong></span> <span class='ocrx_word' id='word_1_155' title='bbox 718 1935 978 1994; x_wconf 89' lang='lat' dir='ltr'><strong>formula</strong></span> <span class='ocrx_word' id='word_1_156' title='bbox 1013 1935 1463 2012; x_wconf 82' lang='lat' dir='ltr'><strong>hypothecaria,</strong></span> <span class='ocrx_word' id='word_1_157' title='bbox 1497 1936 1721 1995; x_wconf 90' lang='lat' dir='ltr'><strong>collata</strong></span> <span class='ocrx_word' id='word_1_158' title='bbox 1758 1935 1797 2011; x_wconf 66' lang='grc' dir='ltr'>ξ</span> <span class='ocrx_word' id='word_1_159' title='bbox 1827 1940 1867 1995; x_wconf 88' lang='grc'>4</span> <span class='ocrx_word' id='word_1_160' title='bbox 1909 1934 2110 1995; x_wconf 85' lang='lat' dir='ltr'><strong>Const.</strong></span> <span class='ocrx_word' id='word_1_161' title='bbox 2140 1934 2399 1996; x_wconf 89' lang='lat' dir='ltr'><strong>Omnem</strong></span> 
     </span>
     <span class='ocr_line' id='line_1_21' title="bbox 352 2025 2304 2101; baseline 0.001 -18"><span class='ocrx_word' id='word_1_162' title='bbox 352 2027 519 2101; x_wconf 88' lang='lat' dir='ltr'><strong>reip.,</strong></span> <span class='ocrx_word' id='word_1_163' title='bbox 563 2026 802 2084; x_wconf 89' lang='lat' dir='ltr'><strong>tantum</strong></span> <span class='ocrx_word' id='word_1_164' title='bbox 847 2044 986 2100; x_wconf 89' lang='lat' dir='ltr'><strong>pars</strong></span> <span class='ocrx_word' id='word_1_165' title='bbox 1032 2025 1547 2100; x_wconf 88' lang='lat' dir='ltr'><strong>interpretationis</strong></span> <span class='ocrx_word' id='word_1_166' title='bbox 1594 2025 1777 2085; x_wconf 83' lang='lat' dir='ltr'><strong>edicti</strong></span> <span class='ocrx_word' id='word_1_167' title='bbox 1821 2026 2061 2085; x_wconf 84' lang='lat' dir='ltr'><strong>videtur</strong></span> <span class='ocrx_word' id='word_1_168' title='bbox 2103 2025 2304 2086; x_wconf 86' lang='lat' dir='ltr'><strong>fuisse.</strong></span> 
     </span>
    </p>
   </div>
   <div class='ocr_carea' id='block_1_3' title="bbox 353 2139 782 2145">
    <p class='ocr_par' dir='ltr' id='par_1_3' title="bbox 353 2139 782 2145">
     <span class='ocr_line' id='line_1_22' title="bbox 353 2139 782 2145; baseline 0 0"><span class='ocrx_word' id='word_1_169' title='bbox 353 2139 782 2145; x_wconf 95' lang='lat' dir='ltr'><strong> </strong></span> 
     </span>
    </p>
   </div>
   <div class='ocr_carea' id='block_1_4' title="bbox 352 2192 2405 3622">
    <p class='ocr_par' dir='ltr' id='par_1_4' title="bbox 352 2192 2405 3622">
     <span class='ocr_line' id='line_1_23' title="bbox 502 2192 2399 2265; baseline 0.004 -21"><span class='ocrx_word' id='word_1_170' title='bbox 502 2195 552 2262; x_wconf 90' lang='lat'><strong>1)</strong></span> <span class='ocrx_word' id='word_1_171' title='bbox 591 2192 699 2247; x_wconf 89' lang='lat' dir='ltr'><strong>Hic</strong></span> <span class='ocrx_word' id='word_1_172' title='bbox 762 2210 986 2262; x_wconf 88' lang='lat' dir='ltr'><strong>quoque</strong></span> <span class='ocrx_word' id='word_1_173' title='bbox 1049 2193 1323 2248; x_wconf 88' lang='lat' dir='ltr'><strong>librorum</strong></span> <span class='ocrx_word' id='word_1_174' title='bbox 1379 2195 1582 2249; x_wconf 90' lang='lat' dir='ltr'><strong>titulus</strong></span> <span class='ocrx_word' id='word_1_175' title='bbox 1646 2212 1826 2265; x_wconf 88' lang='lat' dir='ltr'><strong>paene</strong></span> <span class='ocrx_word' id='word_1_176' title='bbox 1881 2212 2057 2251; x_wconf 83' lang='lat' dir='ltr'><strong>novus</strong></span> <span class='ocrx_word' id='word_1_177' title='bbox 2115 2199 2238 2250; x_wconf 87' lang='lat' dir='ltr'><strong>erat</strong></span> <span class='ocrx_word' id='word_1_178' title='bbox 2292 2213 2399 2251; x_wconf 90' lang='lat' dir='ltr'><strong>nec</strong></span> 
     </span>
     <span class='ocr_line' id='line_1_24' title="bbox 356 2264 2398 2337; baseline 0.003 -21"><span class='ocrx_word' id='word_1_179' title='bbox 356 2265 526 2318; x_wconf 88' lang='lat' dir='ltr'><strong>antea</strong></span> <span class='ocrx_word' id='word_1_180' title='bbox 564 2281 599 2318; x_wconf 92' lang='lat' dir='ltr'><strong>a</strong></span> <span class='ocrx_word' id='word_1_181' title='bbox 636 2281 921 2335; x_wconf 87' lang='lat' dir='ltr'><strong>quoquam</strong></span> <span class='ocrx_word' id='word_1_182' title='bbox 957 2265 1069 2319; x_wconf 90' lang='lat' dir='ltr'><strong>nisi</strong></span> <span class='ocrx_word' id='word_1_183' title='bbox 1108 2282 1141 2319; x_wconf 89' lang='lat' dir='ltr'><strong>a</strong></span> <span class='ocrx_word' id='word_1_184' title='bbox 1177 2264 1410 2320; x_wconf 87' lang='lat' dir='ltr'><strong>Neratio</strong></span> <span class='ocrx_word' id='word_1_185' title='bbox 1448 2266 1637 2321; x_wconf 88' lang='lat' dir='ltr'><strong>Prisco</strong></span> <span class='ocrx_word' id='word_1_186' title='bbox 1681 2270 2000 2337; x_wconf 88' lang='lat' dir='ltr'><strong>usurpatus.</strong></span> <span class='ocrx_word' id='word_1_187' title='bbox 2147 2270 2201 2336; x_wconf 78' lang='lat'><strong>2)</strong></span> <span class='ocrx_word' id='word_1_188' title='bbox 2240 2266 2398 2323; x_wconf 89' lang='lat' dir='ltr'><strong>Haec</strong></span> 
     </span>
     <span class='ocr_line' id='line_1_25' title="bbox 355 2335 2398 2405; baseline 0 -15"><span class='ocrx_word' id='word_1_189' title='bbox 355 2335 505 2390; x_wconf 89' lang='lat' dir='ltr'><strong>enim</strong></span> <span class='ocrx_word' id='word_1_190' title='bbox 540 2336 835 2404; x_wconf 87' lang='lat' dir='ltr'><strong>utriusque</strong></span> <span class='ocrx_word' id='word_1_191' title='bbox 873 2337 1058 2405; x_wconf 87' lang='lat' dir='ltr'><strong>operis</strong></span> <span class='ocrx_word' id='word_1_192' title='bbox 1087 2337 1236 2391; x_wconf 89' lang='lat' dir='ltr'><strong>inter</strong></span> <span class='ocrx_word' id='word_1_193' title='bbox 1264 2354 1322 2390; x_wconf 88' lang='lat' dir='ltr'><strong>se</strong></span> <span class='ocrx_word' id='word_1_194' title='bbox 1351 2337 1497 2392; x_wconf 86' lang='lat' dir='ltr'><strong>ratio</strong></span> <span class='ocrx_word' id='word_1_195' title='bbox 1528 2353 1649 2392; x_wconf 89' lang='lat' dir='ltr'><strong>esse</strong></span> <span class='ocrx_word' id='word_1_196' title='bbox 1686 2339 1924 2393; x_wconf 87' lang='lat' dir='ltr'><strong>videtur.</strong></span> <span class='ocrx_word' id='word_1_197' title='bbox 2000 2337 2080 2393; x_wconf 84' lang='lat' dir='ltr'><strong>cf.</strong></span> <span class='ocrx_word' id='word_1_198' title='bbox 2111 2338 2181 2392; x_wconf 90' lang='lat' dir='ltr'><strong>de</strong></span> <span class='ocrx_word' id='word_1_199' title='bbox 2209 2338 2398 2393; x_wconf 85' lang='lat' dir='ltr'><strong>Buch-</strong></span> 
     </span>
     <span class='ocr_line' id='line_1_26' title="bbox 353 2406 2398 2491; baseline 0.002 -32"><span class='ocrx_word' id='word_1_200' title='bbox 353 2406 506 2460; x_wconf 88' lang='lat' dir='ltr'><strong>holtz</strong></span> <span class='ocrx_word' id='word_1_201' title='bbox 561 2407 621 2460; x_wconf 92' lang='lat' dir='ltr'><strong>in</strong></span> <span class='ocrx_word' id='word_1_202' title='bbox 676 2407 899 2491; x_wconf 81' lang='lat' dir='ltr'><strong>Hugon.</strong></span> <span class='ocrx_word' id='word_1_203' title='bbox 949 2407 1055 2462; x_wconf 74' lang='lat' dir='ltr'><strong>ciV.</strong></span> <span class='ocrx_word' id='word_1_204' title='bbox 1095 2409 1244 2478; x_wconf 88' lang='lat' dir='ltr'><strong>Mag.</strong></span> <span class='ocrx_word' id='word_1_205' title='bbox 1284 2409 1364 2463; x_wconf 90' lang='lat' dir='ltr'><strong>VI</strong></span> <span class='ocrx_word' id='word_1_206' title='bbox 1399 2428 1452 2478; x_wconf 88' lang='lat' dir='ltr'><strong>p.</strong></span> <span class='ocrx_word' id='word_1_207' title='bbox 1484 2415 1604 2464; x_wconf 78' lang='lat'><strong>232.</strong></span> <span class='ocrx_word' id='word_1_208' title='bbox 1646 2415 1765 2463; x_wconf 84' lang='lat'><strong>261.</strong></span> <span class='ocrx_word' id='word_1_209' title='bbox 1843 2409 2048 2464; x_wconf 81' lang='lat' dir='ltr'><strong>Omisit</strong></span> <span class='ocrx_word' id='word_1_210' title='bbox 2101 2408 2279 2465; x_wconf 84' lang='lat' dir='ltr'><strong>Gaius</strong></span> <span class='ocrx_word' id='word_1_211' title='bbox 2335 2411 2398 2464; x_wconf 90' lang='lat' dir='ltr'><strong>in</strong></span> 
     </span>
     <span class='ocr_line' id='line_1_27' title="bbox 356 2478 2397 2550; baseline 0.003 -19"><span class='ocrx_word' id='word_1_212' title='bbox 356 2478 551 2545; x_wconf 85' lang='lat' dir='ltr'><strong>altero,</strong></span> <span class='ocrx_word' id='word_1_213' title='bbox 591 2479 743 2548; x_wconf 90' lang='lat' dir='ltr'><strong>quod</strong></span> <span class='ocrx_word' id='word_1_214' title='bbox 779 2495 894 2532; x_wconf 82' lang='lat' dir='ltr'><strong>iam</strong></span> <span class='ocrx_word' id='word_1_215' title='bbox 921 2478 1032 2533; x_wconf 90' lang='lat' dir='ltr'><strong>hac</strong></span> <span class='ocrx_word' id='word_1_216' title='bbox 1060 2479 1129 2533; x_wconf 88' lang='lat' dir='ltr'><strong>de</strong></span> <span class='ocrx_word' id='word_1_217' title='bbox 1167 2497 1340 2534; x_wconf 87' lang='lat' dir='ltr'><strong>causa</strong></span> <span class='ocrx_word' id='word_1_218' title='bbox 1377 2483 1507 2550; x_wconf 89' lang='lat' dir='ltr'><strong>post</strong></span> <span class='ocrx_word' id='word_1_219' title='bbox 1533 2480 1926 2535; x_wconf 82' lang='lat' dir='ltr'><strong>Institutiones</strong></span> <span class='ocrx_word' id='word_1_220' title='bbox 1962 2482 2236 2550; x_wconf 83' lang='lat' dir='ltr'><strong>scriptum</strong></span> <span class='ocrx_word' id='word_1_221' title='bbox 2273 2497 2397 2537; x_wconf 86' lang='lat' dir='ltr'><strong>esse</strong></span> 
     </span>
     <span class='ocr_line' id='line_1_28' title="bbox 355 2551 2399 2636; baseline 0.002 -33"><span class='ocrx_word' id='word_1_222' title='bbox 355 2551 722 2604; x_wconf 87' lang='lat' dir='ltr'><strong>statuendum</strong></span> <span class='ocrx_word' id='word_1_223' title='bbox 761 2553 864 2618; x_wconf 88' lang='lat' dir='ltr'><strong>est,</strong></span> <span class='ocrx_word' id='word_1_224' title='bbox 902 2551 1409 2621; x_wconf 88' lang='lat' dir='ltr'><strong>praemonitionem</strong></span> <span class='ocrx_word' id='word_1_225' title='bbox 1448 2552 1518 2607; x_wconf 88' lang='lat' dir='ltr'><strong>de</strong></span> <span class='ocrx_word' id='word_1_226' title='bbox 1554 2553 1676 2606; x_wconf 85' lang='lat' dir='ltr'><strong>iure</strong></span> <span class='ocrx_word' id='word_1_227' title='bbox 1721 2554 1993 2636; x_wconf 44' lang='lat' dir='ltr'><strong>gentium·</strong></span> <span class='ocrx_word' id='word_1_228' title='bbox 2017 2555 2075 2607; x_wconf 88' lang='lat' dir='ltr'><strong>et</strong></span> <span class='ocrx_word' id='word_1_229' title='bbox 2121 2552 2295 2620; x_wconf 86' lang='lat' dir='ltr'><strong>civili,</strong></span> <span class='ocrx_word' id='word_1_230' title='bbox 2331 2555 2399 2607; x_wconf 89' lang='lat' dir='ltr'><strong>ut</strong></span> 
     </span>
     <span class='ocr_line' id='line_1_29' title="bbox 356 2621 2399 2763; baseline 0.002 -18"><span class='ocrx_word' id='word_1_231' title='bbox 356 2621 811 2747; x_wconf 51' lang='lat'><strong>33535535213.</strong></span> <span class='ocrx_word' id='word_1_232' title='bbox 841 2621 1360 2749; x_wconf 57' lang='lat' dir='ltr'><strong>inptooDiissffan‘t·</strong></span> <span class='ocrx_word' id='word_1_233' title='bbox 1384 2624 1840 2750; x_wconf 56' lang='lat'><strong>{15513112‘31‘1&#39;23211431222</strong></span> <span class='ocrx_word' id='word_1_234' title='bbox 1859 2628 2172 2750; x_wconf 43' lang='lat' dir='ltr'><strong>aas&amp;</strong></span> <span class='ocrx_word' id='word_1_235' title='bbox 2200 2628 2399 2763; x_wconf 57' lang='grc' dir='ltr'><strong>ἑῖῗᾛ</strong></span> 
     </span>
     <span class='ocr_line' id='line_1_30' title="bbox 355 2764 2398 2836; baseline 0.003 -20"><span class='ocrx_word' id='word_1_236' title='bbox 355 2764 523 2817; x_wconf 83' lang='lat' dir='ltr'><strong>verbo</strong></span> <span class='ocrx_word' id='word_1_237' title='bbox 553 2764 756 2831; x_wconf 85' lang='lat' dir='ltr'><strong>dicam,</strong></span> <span class='ocrx_word' id='word_1_238' title='bbox 777 2765 961 2819; x_wconf 87' lang='lat' dir='ltr'><strong>minus</strong></span> <span class='ocrx_word' id='word_1_239' title='bbox 989 2765 1343 2836; x_wconf 77' lang='lat' dir='ltr'><strong>isagogicum</strong></span> <span class='ocrx_word' id='word_1_240' title='bbox 1361 2766 1536 2820; x_wconf 86' lang='lat' dir='ltr'><strong>fuisse</strong></span> <span class='ocrx_word' id='word_1_241' title='bbox 1555 2769 1792 2836; x_wconf 86' lang='lat' dir='ltr'><strong>oportet.</strong></span> <span class='ocrx_word' id='word_1_242' title='bbox 1869 2766 2129 2822; x_wconf 85' lang='lat' dir='ltr'><strong>Ceterum</strong></span> <span class='ocrx_word' id='word_1_243' title='bbox 2167 2767 2398 2822; x_wconf 87' lang='lat' dir='ltr'><strong>easdem</strong></span> 
     </span>
     <span class='ocr_line' id='line_1_31' title="bbox 356 2836 2398 2908; baseline 0.002 -22"><span class='ocrx_word' id='word_1_244' title='bbox 356 2852 441 2888; x_wconf 90' lang='lat' dir='ltr'><strong>res</strong></span> <span class='ocrx_word' id='word_1_245' title='bbox 481 2836 712 2905; x_wconf 83' lang='lat' dir='ltr'><strong>exponit</strong></span> <span class='ocrx_word' id='word_1_246' title='bbox 747 2837 914 2892; x_wconf 88' lang='lat' dir='ltr'><strong>modo</strong></span> <span class='ocrx_word' id='word_1_247' title='bbox 942 2837 1115 2891; x_wconf 87' lang='lat' dir='ltr'><strong>latius</strong></span> <span class='ocrx_word' id='word_1_248' title='bbox 1154 2840 1212 2892; x_wconf 92' lang='lat' dir='ltr'><strong>et</strong></span> <span class='ocrx_word' id='word_1_249' title='bbox 1249 2839 1567 2892; x_wconf 84' lang='lat' dir='ltr'><strong>accuratius</strong></span> <span class='ocrx_word' id='word_1_250' title='bbox 1605 2841 1939 2906; x_wconf 85' lang='lat' dir='ltr'><strong>mutataque</strong></span> <span class='ocrx_word' id='word_1_251' title='bbox 1976 2838 2398 2908; x_wconf 86' lang='lat' dir='ltr'><strong>aliquantulum</strong></span> 
     </span>
     <span class='ocr_line' id='line_1_32' title="bbox 354 2907 2398 2979; baseline 0.001 -19"><span class='ocrx_word' id='word_1_252' title='bbox 354 2908 720 2961; x_wconf 89' lang='lat' dir='ltr'><strong>materiarum</strong></span> <span class='ocrx_word' id='word_1_253' title='bbox 759 2907 1179 2977; x_wconf 84' lang='lat' dir='ltr'><strong>distributione,</strong></span> <span class='ocrx_word' id='word_1_254' title='bbox 1215 2926 1287 2964; x_wconf 88' lang='lat' dir='ltr'><strong>ne</strong></span> <span class='ocrx_word' id='word_1_255' title='bbox 1326 2909 1564 2963; x_wconf 85' lang='lat' dir='ltr'><strong>studiosi</strong></span> <span class='ocrx_word' id='word_1_256' title='bbox 1602 2910 1906 2979; x_wconf 84' lang='lat' dir='ltr'><strong>superioris</strong></span> <span class='ocrx_word' id='word_1_257' title='bbox 1935 2911 2070 2964; x_wconf 89' lang='lat' dir='ltr'><strong>libri</strong></span> <span class='ocrx_word' id='word_1_258' title='bbox 2107 2909 2398 2964; x_wconf 86' lang='lat' dir='ltr'><strong>divisioni—</strong></span> 
     </span>
     <span class='ocr_line' id='line_1_33' title="bbox 354 2977 2397 3051; baseline 0.003 -21"><span class='ocrx_word' id='word_1_259' title='bbox 354 2977 459 3030; x_wconf 84' lang='lat' dir='ltr'><strong>bus</strong></span> <span class='ocrx_word' id='word_1_260' title='bbox 497 2978 662 3048; x_wconf 89' lang='lat' dir='ltr'><strong>quasi</strong></span> <span class='ocrx_word' id='word_1_261' title='bbox 700 2979 837 3033; x_wconf 88' lang='lat' dir='ltr'><strong>artis</strong></span> <span class='ocrx_word' id='word_1_262' title='bbox 874 2979 1115 3034; x_wconf 85' lang='lat' dir='ltr'><strong>vinculis</strong></span> <span class='ocrx_word' id='word_1_263' title='bbox 1153 2983 1492 3034; x_wconf 86' lang='lat' dir='ltr'><strong>tenerentur.</strong></span> <span class='ocrx_word' id='word_1_264' title='bbox 1566 2981 1716 3036; x_wconf 88' lang='lat' dir='ltr'><strong>Nam</strong></span> <span class='ocrx_word' id='word_1_265' title='bbox 1751 2982 1932 3051; x_wconf 88' lang='lat' dir='ltr'><strong>primo</strong></span> <span class='ocrx_word' id='word_1_266' title='bbox 1980 2981 2211 3051; x_wconf 86' lang='lat' dir='ltr'><strong>quidem</strong></span> <span class='ocrx_word' id='word_1_267' title='bbox 2249 2981 2397 3036; x_wconf 91' lang='lat' dir='ltr'><strong>libro</strong></span> 
     </span>
     <span class='ocr_line' id='line_1_34' title="bbox 352 3050 2399 3122; baseline 0.003 -20"><span class='ocrx_word' id='word_1_268' title='bbox 352 3050 492 3102; x_wconf 89' lang='lat' dir='ltr'><strong>item</strong></span> <span class='ocrx_word' id='word_1_269' title='bbox 530 3050 599 3104; x_wconf 89' lang='lat' dir='ltr'><strong>de</strong></span> <span class='ocrx_word' id='word_1_270' title='bbox 654 3067 1022 3119; x_wconf 89' lang='lat' dir='ltr'><strong>personarum</strong></span> <span class='ocrx_word' id='word_1_271' title='bbox 1075 3052 1197 3106; x_wconf 87' lang='lat' dir='ltr'><strong>iure</strong></span> <span class='ocrx_word' id='word_1_272' title='bbox 1252 3052 1537 3122; x_wconf 83' lang='lat' dir='ltr'><strong>exposuit;</strong></span> <span class='ocrx_word' id='word_1_273' title='bbox 1594 3052 1774 3107; x_wconf 86' lang='lat' dir='ltr'><strong>altero</strong></span> <span class='ocrx_word' id='word_1_274' title='bbox 1820 3069 1950 3108; x_wconf 87' lang='lat' dir='ltr'><strong>vero</strong></span> <span class='ocrx_word' id='word_1_275' title='bbox 1996 3056 2055 3107; x_wconf 88' lang='lat' dir='ltr'><strong>et</strong></span> <span class='ocrx_word' id='word_1_276' title='bbox 2107 3051 2278 3108; x_wconf 87' lang='lat' dir='ltr'><strong>tertio</strong></span> <span class='ocrx_word' id='word_1_277' title='bbox 2326 3053 2399 3108; x_wconf 84' lang='lat' dir='ltr'><strong>de</strong></span> 
     </span>
     <span class='ocr_line' id='line_1_35' title="bbox 354 3121 2398 3194; baseline 0.002 -20"><span class='ocrx_word' id='word_1_278' title='bbox 354 3121 495 3189; x_wconf 87' lang='lat' dir='ltr'><strong>iure,</strong></span> <span class='ocrx_word' id='word_1_279' title='bbox 533 3122 685 3190; x_wconf 88' lang='lat' dir='ltr'><strong>quod</strong></span> <span class='ocrx_word' id='word_1_280' title='bbox 725 3122 799 3174; x_wconf 88' lang='lat' dir='ltr'><strong>ad</strong></span> <span class='ocrx_word' id='word_1_281' title='bbox 835 3139 924 3176; x_wconf 90' lang='lat' dir='ltr'><strong>res</strong></span> <span class='ocrx_word' id='word_1_282' title='bbox 962 3122 1227 3192; x_wconf 88' lang='lat' dir='ltr'><strong>pertinet,</strong></span> <span class='ocrx_word' id='word_1_283' title='bbox 1265 3123 1325 3176; x_wconf 90' lang='lat' dir='ltr'><strong>in</strong></span> <span class='ocrx_word' id='word_1_284' title='bbox 1364 3141 1476 3193; x_wconf 91' lang='lat' dir='ltr'><strong>quo</strong></span> <span class='ocrx_word' id='word_1_285' title='bbox 1513 3123 1891 3194; x_wconf 81' lang='lat' dir='ltr'><strong>obligationes</strong></span> <span class='ocrx_word' id='word_1_286' title='bbox 1928 3124 2152 3194; x_wconf 86' lang='lat' dir='ltr'><strong>plenius</strong></span> <span class='ocrx_word' id='word_1_287' title='bbox 2190 3141 2258 3179; x_wconf 85' lang='lat' dir='ltr'><strong>ex</strong></span> <span class='ocrx_word' id='word_1_288' title='bbox 2296 3125 2398 3179; x_wconf 83' lang='lat' dir='ltr'><strong>tri·</strong></span> 
     </span>
     <span class='ocr_line' id='line_1_36' title="bbox 354 3193 2400 3262; baseline 0.002 -16"><span class='ocrx_word' id='word_1_289' title='bbox 354 3193 460 3246; x_wconf 88' lang='lat' dir='ltr'><strong>bus</strong></span> <span class='ocrx_word' id='word_1_290' title='bbox 517 3209 813 3248; x_wconf 85' lang='lat' dir='ltr'><strong>causarum</strong></span> <span class='ocrx_word' id='word_1_291' title='bbox 864 3193 1162 3262; x_wconf 83' lang='lat' dir='ltr'><strong>generibus</strong></span> <span class='ocrx_word' id='word_1_292' title='bbox 1219 3194 1518 3261; x_wconf 81' lang='lat' dir='ltr'><strong>derivavit;</strong></span> <span class='ocrx_word' id='word_1_293' title='bbox 1575 3198 1760 3250; x_wconf 87' lang='lat' dir='ltr'><strong>totum</strong></span> <span class='ocrx_word' id='word_1_294' title='bbox 1800 3212 1930 3251; x_wconf 84' lang='lat' dir='ltr'><strong>vero</strong></span> <span class='ocrx_word' id='word_1_295' title='bbox 1977 3195 2065 3251; x_wconf 83' lang='lat' dir='ltr'><strong>ius</strong></span> <span class='ocrx_word' id='word_1_296' title='bbox 2112 3196 2400 3250; x_wconf 81' lang='lat' dir='ltr'><strong>heredita-</strong></span> 
     </span>
     <span class='ocr_line' id='line_1_37' title="bbox 353 3263 2401 3337; baseline 0.003 -21"><span class='ocrx_word' id='word_1_297' title='bbox 353 3263 502 3317; x_wconf 88' lang='lat' dir='ltr'><strong>rium</strong></span> <span class='ocrx_word' id='word_1_298' title='bbox 540 3267 597 3318; x_wconf 88' lang='lat' dir='ltr'><strong>et</strong></span> <span class='ocrx_word' id='word_1_299' title='bbox 632 3265 783 3333; x_wconf 90' lang='lat' dir='ltr'><strong>quod</strong></span> <span class='ocrx_word' id='word_1_300' title='bbox 822 3265 895 3318; x_wconf 88' lang='lat' dir='ltr'><strong>ad</strong></span> <span class='ocrx_word' id='word_1_301' title='bbox 942 3265 1193 3319; x_wconf 86' lang='lat' dir='ltr'><strong>actiones</strong></span> <span class='ocrx_word' id='word_1_302' title='bbox 1229 3266 1496 3335; x_wconf 86' lang='lat' dir='ltr'><strong>pertinet,</strong></span> <span class='ocrx_word' id='word_1_303' title='bbox 1534 3267 1899 3335; x_wconf 87' lang='lat' dir='ltr'><strong>sequentibus</strong></span> <span class='ocrx_word' id='word_1_304' title='bbox 1935 3266 2095 3322; x_wconf 87' lang='lat' dir='ltr'><strong>libris</strong></span> <span class='ocrx_word' id='word_1_305' title='bbox 2143 3270 2234 3337; x_wconf 87' lang='lat' dir='ltr'><strong>(ex</strong></span> <span class='ocrx_word' id='word_1_306' title='bbox 2272 3268 2401 3337; x_wconf 89' lang='lat' dir='ltr'><strong>qui-</strong></span> 
     </span>
     <span class='ocr_line' id='line_1_38' title="bbox 354 3334 2401 3408; baseline 0.003 -21"><span class='ocrx_word' id='word_1_307' title='bbox 354 3334 460 3390; x_wconf 88' lang='lat' dir='ltr'><strong>bus</strong></span> <span class='ocrx_word' id='word_1_308' title='bbox 500 3335 644 3389; x_wconf 90' lang='lat' dir='ltr'><strong>nihil</strong></span> <span class='ocrx_word' id='word_1_309' title='bbox 699 3339 973 3406; x_wconf 85' lang='lat' dir='ltr'><strong>superest)</strong></span> <span class='ocrx_word' id='word_1_310' title='bbox 1028 3352 1342 3391; x_wconf 82' lang='lat' dir='ltr'><strong>reservasse</strong></span> <span class='ocrx_word' id='word_1_311' title='bbox 1396 3338 1634 3392; x_wconf 85' lang='lat' dir='ltr'><strong>videtur.</strong></span> <span class='ocrx_word' id='word_1_312' title='bbox 1709 3337 1870 3404; x_wconf 86' lang='lat' dir='ltr'><strong>Quod</strong></span> <span class='ocrx_word' id='word_1_313' title='bbox 1915 3355 2045 3394; x_wconf 84' lang='lat' dir='ltr'><strong>vero</strong></span> <span class='ocrx_word' id='word_1_314' title='bbox 2082 3355 2171 3393; x_wconf 90' lang='lat' dir='ltr'><strong>res</strong></span> <span class='ocrx_word' id='word_1_315' title='bbox 2209 3340 2401 3408; x_wconf 88' lang='lat' dir='ltr'><strong>quot-i-</strong></span> 
     </span>
     <span class='ocr_line' id='line_1_39' title="bbox 354 3406 2405 3477; baseline 0.003 -18"><span class='ocrx_word' id='word_1_316' title='bbox 354 3406 560 3461; x_wconf 83' lang='lat' dir='ltr'><strong>dianae</strong></span> <span class='ocrx_word' id='word_1_317' title='bbox 620 3407 1077 3462; x_wconf 85' lang='lat' dir='ltr'><strong>Institutionibus</strong></span> <span class='ocrx_word' id='word_1_318' title='bbox 1143 3409 1307 3476; x_wconf 88' lang='lat' dir='ltr'><strong>quasi</strong></span> <span class='ocrx_word' id='word_1_319' title='bbox 1374 3410 1607 3464; x_wconf 87' lang='lat' dir='ltr'><strong>comites</strong></span> <span class='ocrx_word' id='word_1_320' title='bbox 1672 3410 1903 3464; x_wconf 84' lang='lat' dir='ltr'><strong>additae</strong></span> <span class='ocrx_word' id='word_1_321' title='bbox 1967 3414 2156 3477; x_wconf 87' lang='lat' dir='ltr'><strong>erant,</strong></span> <span class='ocrx_word' id='word_1_322' title='bbox 2222 3411 2405 3466; x_wconf 89' lang='lat' dir='ltr'><strong>etiam</strong></span> 
     </span>
     <span class='ocr_line' id='line_1_40' title="bbox 353 3478 2402 3549; baseline 0.003 -17"><span class='ocrx_word' id='word_1_323' title='bbox 353 3478 687 3533; x_wconf 89' lang='lat' dir='ltr'><strong>confirmant</strong></span> <span class='ocrx_word' id='word_1_324' title='bbox 741 3495 985 3549; x_wconf 89' lang='lat' dir='ltr'><strong>prooem.</strong></span> <span class='ocrx_word' id='word_1_325' title='bbox 1023 3480 1160 3534; x_wconf 90' lang='lat' dir='ltr'><strong>Inst.</strong></span> <span class='ocrx_word' id='word_1_326' title='bbox 1200 3486 1231 3547; x_wconf 76' lang='lat'>§</span> <span class='ocrx_word' id='word_1_327' title='bbox 1272 3486 1303 3534; x_wconf 85' lang='grc'><strong>6</strong></span> <span class='ocrx_word' id='word_1_328' title='bbox 1371 3484 1430 3535; x_wconf 90' lang='lat' dir='ltr'><strong>et</strong></span> <span class='ocrx_word' id='word_1_329' title='bbox 1474 3480 1698 3536; x_wconf 88' lang='lat' dir='ltr'><strong>Bluhm.</strong></span> <span class='ocrx_word' id='word_1_330' title='bbox 1745 3482 1863 3536; x_wconf 82' lang='lat' dir='ltr'><strong>tab.</strong></span> <span class='ocrx_word' id='word_1_331' title='bbox 1919 3483 1981 3536; x_wconf 88' lang='lat' dir='ltr'><strong>in</strong></span> <span class='ocrx_word' id='word_1_332' title='bbox 2037 3481 2311 3538; x_wconf 85' lang='lat' dir='ltr'><strong>Zeitschr.</strong></span> <span class='ocrx_word' id='word_1_333' title='bbox 2363 3484 2402 3540; x_wconf 81' lang='lat' dir='ltr'><strong>f.</strong></span> 
     </span>
     <span class='ocr_line' id='line_1_41' title="bbox 354 3550 1088 3622; baseline 0.003 -18"><span class='ocrx_word' id='word_1_334' title='bbox 354 3550 547 3619; x_wconf 87' lang='lat' dir='ltr'><strong>gesch.</strong></span> <span class='ocrx_word' id='word_1_335' title='bbox 586 3550 727 3605; x_wconf 83' lang='lat' dir='ltr'><strong>RW.</strong></span> <span class='ocrx_word' id='word_1_336' title='bbox 766 3551 842 3605; x_wconf 89' lang='lat' dir='ltr'><strong>IV</strong></span> <span class='ocrx_word' id='word_1_337' title='bbox 881 3571 935 3622; x_wconf 90' lang='lat' dir='ltr'><strong>p.</strong></span> <span class='ocrx_word' id='word_1_338' title='bbox 967 3557 1088 3606; x_wconf 78' lang='grc'><strong>266.</strong></span> 
     </span>
    </p>
   </div>
   <div class='ocr_carea' id='block_1_5' title="bbox 2632 3330 2635 3881">
    <p class='ocr_par' dir='ltr' id='par_1_5' title="bbox 2632 3330 2635 3881">
     <span class='ocr_line' id='line_1_42' title="bbox 2632 3330 2635 3881; baseline 0 0"><span class='ocrx_word' id='word_1_339' title='bbox 2632 3330 2635 3881; x_wconf 95' lang='lat' dir='ltr'><strong> </strong></span> 
     </span>
    </p>
   </div>
  </div>
 </body>
</html>
