2650 3917
871 133 944 186 M.
986 133 1091 186 AN
1095 132 1370 186 TISTIVS
1406 132 1665 186 LABEO.
2189 131 2275 196 59

241 300 544 381 πότερον,
574 298 664 373 ὡς
689 295 1045 373 Ἀντίστιος
1071 301 1203 361 Λα-
1311 298 1605 376 tradidit,
1698 317 1836 360 eam
1926 307 2280 380 παρορμᾶν

239 387 415 468 βεὼν
452 387 778 470 ἱστόρηκε,
809 394 931 451 τοῦ
956 408 1202 470 παρορ-
1311 386 1555 451 hortari
1600 386 1874 464 dicatur,
1919 386 2068 450 inde
2117 390 2278 449 tam-

239 486 375 560 μᾶν
460 474 739 568 (ὁρτάρϋ
820 475 1204 560 λεγομένου,
1312 496 1503 557 qaam
1554 476 1644 540 ad
1697 476 1858 540 bona
1911 476 2274 540 incitantem

243 567 366 648 τὴν
441 567 593 630 οἱον
688 563 1207 649 ἐγκελευομένην
1313 571 1371 629 et
1404 565 1750 630 hortantem
1793 566 1975 629 deam
2004 564 2277 629 Hortam

238 655 406 737 πρὸς
451 655 533 719 τὰ
578 655 747 719 καλὰ
792 652 902 718 καὶ
958 675 1205 738 παρορ-
1315 655 1550 718 dietam
1606 654 2047 719 existimabant
2101 674 2276 735 opor-
2332 677 2355 716 5

234 754 469 827 μῶσαν
515 744 686 808 θεὸν
725 740 968 827 Ὅρταν
1020 748 1203 826 λεγο-
1312 750 1436 808 tere
1505 749 1575 808 at
1647 743 2031 808 industriam
2095 764 2277 806 num-

233 831 445 917 μένην
494 830 705 920 ᾤοντο
766 834 912 897 δεῖν
959 832 1046 908 ὡς
1102 831 1203 896 έν-
1312 854 1502 914 quam
1525 834 1835 897 haesitare
1860 838 1974 896 aut
1997 831 2277 896 clausam

235 923 440 1006 εργὸν
463 920 568 986 ἀεὶ
587 921 914 1006 μηδέποτε
938 921 1204 1005 μέλλειν
1312 943 1440 987 esse
1484 928 1595 987 aut
1639 921 1875 987 otiari?

232 1009 386 1095 μηδ’
450 1010 967 1076 ἀποκεκλεῖσθαι
1040 1009 1206 1094 μηδ’

235 1100 559 1179 ἐλινύειν;
607 1138 692 1146 -
757 1100 1079 1165 Plutarch.
1135 1101 1203 1182 Q.
2306 1122 2358 1163 ιο

234 1190 419 1255 Rom.
458 1191 567 1255 46.
2244 1224 2248 1228 Δ

371 1314 460 1378 21.
510 1313 637 1390 Qui
692 1314 770 1378 de
828 1314 1083 1400 uirgine
1149 1313 1458 1396 capienda
1522 1315 1936 1397 scripserunt,
2003 1320 2277 1396 quorum

233 1403 732 1490 diligentissime
780 1405 1040 1486 scripsit
1076 1403 1290 1467 Labeo
1330 1401 1675 1487 Antistius,
1721 1403 2038 1467 minorem
2085 1423 2278 1484 quam

234 1514 439 1557 annos
490 1514 628 1575 sex,
693 1493 997 1558 maiorem
1047 1515 1239 1577 quam
1286 1514 1489 1557 annos
1546 1493 1762 1557 decem
1826 1495 2044 1556 natam
2090 1511 2277 1575 nega-

232 1586 472 1646 uerunt
521 1582 665 1665 capi
722 1581 819 1646 fas
885 1603 1048 1666 esse3
1114 1583 1268 1646 item
1326 1604 1490 1666 quae
1543 1604 1676 1646 non
1741 1582 1827 1645 sit
1888 1579 2167 1665 patrima
2212 1581 2277 1642 et
2306 1605 2356 1645 15

233 1671 564 1756 matrima3
611 1671 767 1735 item
815 1693 978 1755 quae
1024 1670 1266 1772 lingua·
1295 1670 1495 1735 debili
1542 1692 1816 1736 sensuue
1876 1670 2129 1733 aurium
2176 1667 2276 1731 de-

232 1760 489 1824 minuta
549 1760 757 1824 aliaue
821 1782 957 1863 qua·
1014 1760 1304 1844 corporis
1370 1760 1514 1824 labe
1578 1759 1892 1846 insignita
1951 1760 2061 1841 sit3
2122 1759 2278 1821 item

238 1871 402 1932 quae
469 1848 616 1933 ipsa
680 1853 791 1912 aut
858 1851 1040 1914 cuius
1106 1854 1290 1932 pater
1355 1850 1791 1933 emancipatus
1858 1848 1962 1931 sit,
2027 1846 2278 1911 etiamsi

233 1938 392 2004 uiuo
440 1941 629 2022 patre
673 1938 741 2002 in
789 1938 894 2002 aui
955 1942 1277 2023 potestate
1344 1939 1455 2022 sit3
1513 1939 1668 2003 item
1733 1938 1916 2004 cuius
1980 1939 2277 2020 parentes

235 2027 401 2091 alter
467 2026 744 2092 amboue
811 2028 1192 2092 seruitutem
1260 2027 1626 2092 seruierunt
1691 2030 1802 2091 aut
1866 2027 1935 2089 in
1996 2025 2277 2111 negotiis
2307 2051 2360 2089 ιο

235 2117 518 2181 sordidis
564 2121 923 2181 uersantur.
1017 2117 1128 2181 sed
1175 2139 1332 2200 eam,
1379 2117 1564 2181 cuius
1611 2138 1796 2181 soror
1839 2115 1921 2179 ad
1960 2114 2028 2178 id
2075 2135 2277 2178 sacer-

237 2206 491 2270 dotium
527 2204 696 2271 lecta
724 2209 840 2288 est,
878 2206 1355 2270 excusationem
1392 2207 1624 2270 mereri
1652 2206 1862 2289 aiunt3
1899 2205 2057 2268 item
2095 2204 2277 2268 cuius

235 2299 424 2379 pater
496 2294 733 2359 flamen
797 2298 910 2359 aut
974 2317 1181 2380 augur
1244 2299 1357 2360 aut
1431 2295 2016 2379 quindecimuirum
2080 2293 2278 2358 sacris

234 2384 558 2449 faciundis
625 2388 737 2448 aut
801 2386 1263 2468 septemuirum
1331 2385 1679 2469 epulonum
1734 2387 1846 2448 aut
1894 2380 2106 2448 Salius
2164 2384 2277 2446 est.

235 2494 516 2556 sponsae
563 2495 820 2557 quoque
865 2474 1197 2557 pontificis
1245 2478 1310 2538 et
1365 2473 1676 2538 tubicinis
1732 2493 2060 2538 sacrorum
2105 2469 2277 2535 filiae
2307 2497 2358 2536 25

234 2562 495 2715 ¹11in
553 2584 591 2624 a
656 2562 1012 2627 sacerdotio
1069 2564 1196 2627 isto
1252 2563 1454 2627 tribui
1512 2562 1692 2627 solet.
1742 2601 1827 2609 —
1880 2561 2037 2627 Gall.
2081 2561 2137 2643 1,
2178 2559 2280 2643 12,

373 2757 475 2822 22.
526 2755 604 2821 In
666 2756 834 2822 libro
894 2757 1103 2823 Laelii
1169 2756 1437 2823 Felicis¹
1485 2758 1564 2822 ad
1621 2757 1692 2835 Q.
1730 2757 2022 2823 Mucium
2068 2757 2278 2841 primo

236 2848 555 2932 scriptum
613 2850 711 2910 est
757 2846 1122 2912 Labeonem
1187 2847 1467 2912 scribere
1533 2846 1740 2912 calata
1801 2846 2063 2912 comitia
2125 2867 2279 2928 esse,

236 2958 405 3021 quae
451 2957 573 3021 pro
623 2933 918 3022 conlegio
974 2937 1360 3021 pontificum
1404 2936 1728 3001 habentur
1781 2939 1894 3000 aut
1948 2935 2120 3021 regis
2169 2939 2280 2998 aut
2307 2943 2360 2982 ³⁰

238 3026 581 3090 flaminum
643 3025 1238 3111 inaugurandorum
1295 3046 1503 3091 causa.
1595 3047 1817 3091 eorum
1872 3027 2089 3090 autem
2155 3023 2282 3088 alia

238 3136 375 3180 esse
454 3116 732 3196 curiata,
811 3112 939 3178 alia
1021 3115 1407 3200 centuriata3
1480 3115 1729 3180 curiata
1798 3136 1913 3198 per
1983 3114 2281 3178 lictorem

239 3205 564 3270 curiatum
611 3204 829 3287 calari,
866 3205 932 3268 id
972 3208 1069 3268 est
1116 3204 1474 3287 conuocari,
1523 3205 1880 3269 centuriata
1916 3225 2033 3287 per
2070 3203 2281 3268 corni-

239 3296 464 3359 cinem.
515 3331 603 3340 --
658 3292 815 3358 Gen.
857 3293 956 3372 15,
996 3293 1101 3376 27,
1145 3295 1200 3356 1.
1239 3293 1297 3356 2.

378 3493 433 3559 1)
472 3489 544 3557 ef.
585 3488 746 3554 infra
782 3504 840 3555 p.
872 3491 955 3539 94.
