2650 3917
328 180 462 244 482
677 180 978 235 VLPIANI
1010 177 1356 234 REGVLAE
1390 177 1572 233 XXIV
1606 177 1901 233 32-XXV
1941 184 2025 233 10.

464 343 560 409 32.
605 344 741 409 Lex
786 343 1071 409 Falcidia
1124 342 1307 407 iubet
1358 364 1495 407 non
1550 342 1699 426 plus
1744 363 1937 426 quam
1983 342 2362 407 dodrantem

329 434 533 497 totius
570 433 945 518 patrimonii
973 432 1193 518 legari,
1224 435 1297 496 ut
1325 432 1504 497 omni
1528 432 1724 496 modo
1762 431 2083 515 quadrans
2110 432 2365 517 integer

331 522 508 607 apud
550 522 850 588 heredem
893 526 1236 587 remaneat.

465 611 557 677 33.
584 611 977 697 Legatorum
1003 633 1340 696 perperam
1367 610 1727 674 solutorum
1754 609 2057 693 repetitio
2084 631 2220 673 non
2243 613 2365 674 est.

854 785 1048 859 [xxv.
1085 784 1184 839 DE
1220 782 1838 856 mmconmssls]

463 881 511 944 l.
558 878 1158 943 Fideicommissum
1203 881 1323 960 est,
1371 876 1544 961 quod
1587 898 1721 941 non
1766 874 2071 941 ciuilibus
2126 875 2367 960 uerbis,

331 969 441 1033 sed
494 968 825 1052 precatiue
876 965 1268 1049 relinquitur
1318 987 1440 1030 nec
1484 988 1563 1030 ex
1624 966 1840 1051 rigore
1897 963 2096 1029 iuris¹
2148 965 2367 1030 ciuilis

328 1056 795 1144 proficiscitur,
876 1055 988 1119 sed
1068 1077 1147 1120 ex
1227 1055 1568 1120 uoluntate
1650 1055 1841 1119 datur
1920 1053 2367 1138 relinquentia.

331 1147 387 1212 2.
434 1145 652 1212 Verba
711 1144 1355 1209 fideicommissorum
1417 1146 1488 1208 in
1547 1165 1672 1207 usu
1734 1141 1907 1208 fere²
1958 1144 2120 1208 haec
2185 1148 2367 1209 sunt:

117 1246 528 1317 200b131v1n1221
557 1251 945 1316 οοΜΜιΤΤο,
975 1250 1178 1316 ΡΕΤο,
1218 1231 1228 1319 Ι
1268 1249 1459 1298 vono
1489 1251 1659 1297 ΒΑΜ
1679 1237 1745 1296 et
1762 1232 2016 1297 similia.
2064 1232 2118 1298 3.
2143 1232 2368 1297 Etiam

329 1328 493 1389 nutu
555 1320 954 1407 relinquere⁸
1006 1321 1579 1386 fideicommissum
1642 1320 1808 1386 usu⁴
1849 1326 2177 1406 receptum
2246 1326 2366 1386 est.

328 1415 386 1479 4.
416 1413 1014 1479 Fideicommissum
1050 1411 1413 1495 relinquere
1447 1415 1737 1494 possunt,
1765 1411 1878 1495 qui
1905 1414 2368 1476 testamentum

327 1504 538 1569 facere
581 1505 885 1587 possunt,
940 1502 1095 1566 licet
1139 1522 1273 1564 non
1316 1499 1611 1565 fecerint:
1668 1522 1819 1565 nam
1872 1496 1974 1564 et⁵
2018 1498 2375 1565 intestato⁶

330 1594 473 1676 quis
501 1592 854 1656 moriturus
882 1590 1447 1655 fideicommissum
1477 1588 1840 1673 relinquere
1862 1592 2096 1674 potest.
2146 1589 2201 1653 5.
2231 1588 2368 1653 Res

329 1704 443 1766 per
495 1680 1062 1746 fideicommissum
1117 1678 1399 1762 relinqui
1444 1683 1734 1762 possunt,
1794 1699 1957 1761 quae
2004 1678 2202 1742 etiam
2246 1700 2371 1762 per

329 1770 808 1835 damnationem
871 1768 1074 1854 legari
1137 1772 1426 1853 possunt.
1522 1768 1574 1832 6.
1634 1766 2160 1833 Fideicommissa
2224 1766 2368 1832 dari

326 1862 601 1945 possunt
655 1858 784 1942 his,
841 1855 1112 1942 quibus⁷
1163 1858 1364 1943 legari
1417 1860 1647 1941 potest.
1741 1856 1794 1921 7.
1840 1855 2058 1920 Latini
2103 1853 2367 1921 Iuniani

327 1948 892 2013 fideicommissum
946 1968 1170 2032 capere
1225 1950 1524 2030 possunt,
1580 1946 1731 2013 licet
1783 1945 2072 2031 legatum
2135 1966 2372 2030 capere

327 2061 459 2103 non
513 2037 780 2122 possint.
873 2035 927 2102 8.
982 2035 1579 2100 Fideicommissum
1635 2040 1699 2100 et
1752 2039 1900 2100 ante
1955 2033 2212 2100 heredis
2268 2035 2368 2099 in-

327 2128 733 2193 stitutionem
781 2129 844 2189 et
890 2129 1039 2210 post
1083 2128 1359 2189 mortem
1405 2124 1658 2189 heredis
1705 2129 1770 2189 et
1815 2123 2130 2188 codicillis
2168 2124 2369 2190 etiam

326 2239 458 2282 non
504 2215 897 2281 confirmatis
934 2217 1319 2280 testamento
1360 2213 1497 2277 dari
1533 2217 1767 2298 potest,
1811 2211 1964 2279 licet
1998 2212 2132 2278 ita⁸
2157 2212 2370 2299 legari

325 2328 456 2371 non
502 2305 727 2391 possit.
820 2303 875 2370 3.
921 2301 1088 2370 Item
1138 2301 1377 2367 Graece
1422 2302 1992 2368 fideicommissum
2047 2305 2372 2388 scriptum

325 2395 528 2477 ualet,
609 2393 764 2459 licet
846 2393 1133 2480 legatum
1217 2390 1454 2457 Graece
1537 2393 1848 2477 scriptum
1919 2413 2054 2456 non
2125 2391 2368 2457 ualeat.

325 2485 412 2550 10.
460 2483 657 2566 Filio,
705 2482 816 2566 qui
873 2483 943 2546 in
994 2484 1315 2566 potestate
1372 2484 1496 2564 est,
1557 2502 1829 2546 seruoue
1873 2480 2221 2546 heredibus
2268 2482 2372 2547 in-

471 2679 523 2745 1)
561 2676 683 2730 iure
732 2676 793 2729 V.
976 2677 1030 2743 2)
1066 2688 1199 2728 uere
1248 2674 1309 2727 V.
1494 2676 1546 2743 3)
1583 2673 1828 2742 relinqui
1882 2690 2048 2743 posse
2095 2676 2216 2729 Hu.

325 2752 379 2818 4)
415 2766 522 2802 usu
560 2749 743 2818 Huyo.
800 2745 860 2799 in
895 2762 1003 2799 usu
1050 2745 1112 2798 V.
1268 2747 1321 2814 5)
1358 2760 1492 2798 nam
1529 2747 1587 2799 et
1634 2746 1688 2800 V
1715 2752 1842 2801 teste
1876 2747 2178 2816 Krueyero.
2225 2762 2373 2801 nam

336 2821 390 2874 V
417 2820 715 2876 secundum
752 2817 1163 2886 Boeckinyium.
1340 2819 1392 2884 6)
1427 2817 1697 2871 intestato
1746 2817 2026 2873 Guiacius.
2079 2817 2377 2872 intestatu

336 2892 398 2946 V.
510 2892 562 2958 7)
599 2889 688 2944 his
726 2888 931 2957 quibus
976 2889 1169 2942 Tilius.
1225 2888 1287 2940 hi
1324 2888 1424 2957 qui
1472 2887 1532 2941 V.
1679 2890 1732 2956 8)
1768 2890 1950 2958 suppl.
1988 2888 2106 2943 Hu.

467 3074 499 3134 8
538 3073 622 3121 82.
662 3069 731 3134 cf.
774 3068 901 3123 Gai.
942 3073 992 3135 2,
1022 3072 1143 3120 227.
1182 3097 1249 3107 -
1298 3073 1329 3132 ς
1369 3072 1453 3120 33.
1493 3069 1562 3134 cf.
1604 3067 1731 3121 Gai.
1781 3073 1832 3135 2,
1862 3071 1983 3122 233.
2021 3068 2072 3121 Ι.
2111 3072 2161 3135 8,
2192 3074 2285 3138 27,
2317 3076 2372 3124 7.

468 3139 578 3193 Tit.
607 3138 776 3193 XXV.
816 3145 846 3204 ς
878 3146 926 3193 1.
974 3140 1044 3205 ef.
1081 3155 1257 3207 supra
1296 3143 1383 3204 24,
1415 3145 1461 3191 1.
1499 3141 1549 3193 I.
1590 3143 1640 3206 2,
1669 3143 1757 3206 20,
1785 3144 1836 3193 3.
1877 3143 1928 3207 2,
1957 3145 2044 3206 23,
2075 3144 2132 3205 13
2166 3144 2253 3194 12.
2295 3172 2369 3181 —

324 3217 355 3277 s
394 3218 443 3265 2.
483 3212 552 3279 cf.
595 3210 723 3265 Gai.
763 3216 814 3278 2,
842 3215 929 3263 49.
986 3210 1152 3264 Paul.
1191 3213 1324 3277 4,1,
1354 3214 1413 3275 53
1453 3214 1501 3263 6.
1557 3240 1627 3249 -
1682 3214 1712 3275 5
1753 3213 1801 3263 3.
1842 3211 1912 3276 cf.
1953 3212 2027 3265 1).
2068 3216 2155 3278 32,
2187 3216 2253 3264 21
2268 3229 2373 3282 pr.

325 3283 512 3350 (Paul.
550 3282 693 3336 Sem.
732 3287 784 3348 4,
815 3288 865 3348 1,
895 3283 988 3351 6⁸).
1029 3282 1087 3336 C.
1128 3286 1178 3348 6,
1206 3285 1295 3347 42,
1322 3286 1391 3334 22
1430 3283 1502 3350 (a.
1543 3282 1683 3347 293).
1741 3312 1809 3320 —
1866 3287 1898 3347 ξ
1935 3288 1986 3336 4.
2025 3283 2093 3349 cf.
2138 3282 2273 3337 Gai.
2314 3291 2377 3352 2,

325 3358 446 3405 270.
485 3352 560 3405 D.
600 3356 686 3419 30,
717 3358 747 3405 2
787 3353 938 3421 (Uzp.
981 3354 1157 3421 1846).
1199 3382 1263 3391 -
1309 3358 1339 3417 ς
1378 3357 1426 3404 5.
1464 3352 1534 3419 cf.
1572 3368 1747 3421 supra
1785 3357 1872 3420 24,
1902 3357 1961 3419 3;
1991 3359 2076 3407 25.
2138 3354 2272 3408 Gai.
2314 3361 2374 3424 2,

326 3427 623 3476 280-252.
681 3423 846 3478 Paul.
886 3428 1107 3490 4‚1,7;
1145 3428 1195 3476 8.
1253 3453 1320 3462 —
1378 3428 1410 3488 8
1450 3429 1498 3477 6.
1537 3425 1607 3490 cf.
1651 3424 1778 3479 Gai.
1819 3430 1870 3492 2,
1900 3428 2089 3494 2353q.
2128 3456 2199 3465 --
2241 3431 2274 3491 ς
2317 3433 2374 3482 7.

325 3495 394 3559 cf.
428 3492 557 3547 Gai.
588 3498 638 3559 2,
667 3499 787 3547 275.
827 3523 894 3534 -
934 3501 964 3559 9·
1000 3499 1048 3547 3.
1088 3495 1157 3560 cf.
1192 3494 1319 3548 Gai.
1352 3500 1403 3561 2,
1433 3500 1576 3549 270⁸.
1615 3494 1663 3547 Ι.
1697 3500 1749 3563 2,
1779 3501 1866 3564 20,
1897 3501 1981 3550 35.
2020 3527 2088 3537 —
2126 3501 2159 3561 8
2200 3502 2252 3551 9.
2292 3501 2373 3565 cf.

330 3564 457 3618 Gai.
489 3568 539 3629 2,
568 3567 687 3616 281.
726 3565 803 3618 D.
843 3569 928 3632 32,
959 3570 1127 3633 llpr.
1166 3565 1320 3632 (Ulp.
1345 3568 1522 3635 1857).
1561 3596 1629 3606 —
1667 3570 1699 3631 9
1741 3572 1822 3622 10.
1863 3569 1933 3634 cf.
1960 3584 2135 3637 supra
2165 3573 2374 3637 24,21.
