2650 3917
848 141 1007 196 --GAI
1040 140 1296 196 INSTIT.
1334 142 1385 194 Π
1421 146 1722 195 255-259.
2187 141 2315 205 257

283 302 455 385 dem,
510 300 580 367 id
623 309 750 392 est,
804 309 881 369 ut
925 304 1026 370 et¹
1071 304 1323 370 lucrum
1380 309 1444 369 et
1498 305 1804 370 damnum
1859 302 2318 369 hereditarium

250 414 402 477 ,pro
449 397 591 458 rata
634 399 817 478 parte
864 396 1032 459 inter
1089 416 1197 461 eos
1262 416 1602 459 commune
1660 394 1761 459 sit.
1855 393 1987 458 255.
2036 393 2214 479 Ergo
2263 394 2319 459 si

283 482 546 566 quidem
574 505 707 548 non
734 482 882 568 plus
911 506 1103 568 quam
1146 483 1524 548 dodrantem
1564 481 1573 571 Ι
1614 483 1990 548 hereditatis
2038 484 2317 567 scriptus
2359 499 2459 547 120

281 570 470 637 heres
506 577 773 658 rogatus
812 574 899 638 sit
931 574 1292 659 restituere,
1326 577 1469 636 tum
1508 595 1586 637 ex
1615 571 2020 637 Trebelliano
2059 576 2319 637 senatus

283 660 582 726 consulto
618 663 987 727 restituitur
1021 662 1364 746 hereditas,
1406 660 1508 728 et²
1542 664 1612 726 in
1647 667 1995 745 utrumque
2032 662 2318 727 actiones

281 750 708 817 hereditariae
745 774 862 836 pro
899 754 1040 817 rata
1075 756 1256 835 parte
1304 752 1555 836 dantur,
1598 753 1667 815 in
1710 751 2011 815 heredem
2059 752 2318 835 quidem

281 840 425 905 iure
479 840 686 926 ciuili,
741 842 811 906 in
858 863 1005 906 eum
1050 862 1234 925 uero,
1291 842 1404 925 qui
1448 841 1683 924 recipit
1737 840 2184 925 hereditatem,
2240 862 2321 904 ex

284 933 546 994 senatus
603 929 897 996 consulto
943 929 1380 1016 Trebelliano3
1436 951 1825 1014 quamquam
1879 929 2067 995 heres
2124 930 2319 993 etiam

280 1040 402 1103 pro
450 1042 526 1085 ea
567 1024 770 1104 parte,
827 1042 1019 1104 quam
1073 1020 1379 1104 restituit,
1443 1020 1628 1085 heres
1683 1023 2017 1103 permanet
2028 1017 2070 1103 ⁸,
2134 1019 2320 1102 eique

281 1111 349 1172 et
377 1108 448 1171 in
476 1130 622 1173 eum
661 1108 903 1174 solidae
940 1110 1225 1174 actiones
1273 1111 1676 1194 competunt3
1721 1110 1833 1173 sed
1866 1130 2001 1173 non
2045 1107 2319 1173 ulterius

284 1202 607 1285 oneratur,
650 1220 769 1263 nec
814 1198 1087 1264 ulterius
1134 1198 1231 1263 illi
1279 1199 1514 1263 dantur
1559 1198 1861 1282 actiones,
1908 1219 2102 1282 quam
2149 1198 2320 1282 apud

283 1308 434 1351 eum
480 1288 885 1353 commodum
933 1288 1309 1353 hereditatis
1353 1290 1659 1353 remanet.
1754 1287 1886 1351 256.
1934 1285 2026 1351 At
2072 1287 2127 1352 si
2175 1287 2319 1370 quis
2451 1341 2458 1346 .

281 1375 432 1460 plus
498 1399 692 1461 quam
756 1377 1133 1443 dodrantem
1194 1377 1302 1442 uel
1367 1378 1560 1442 etiam
1624 1380 1833 1441 totam
1896 1376 2318 1441 hereditatem

283 1466 625 1533 restituere
661 1471 926 1553 rogatus
967 1468 1069 1551 sit,
1114 1466 1297 1533 locus
1337 1471 1433 1533 est
1467 1466 1828 1552 Pegasiano
1875 1469 2134 1531 senatus
2173 1487 2320 1531 con-

282 1554 475 1621 sulto,
568 1556 701 1621 257.
750 1556 875 1622 Sed
920 1557 1005 1642 is,
1067 1557 1180 1641 qui
1235 1554 1429 1621 semel
1484 1555 1715 1620 adierit
1768 1555 2217 1640 hereditatem,
2265 1556 2320 1620 si

280 1644 476 1710 modo
533 1667 650 1710 sua
703 1644 1040 1710 uoluntate
1095 1646 1350 1728 adierit,
1416 1646 1553 1710 siue
1616 1644 1956 1710 retinuerit
2023 1649 2319 1729 quartam

281 1738 539 1819 partem
578 1736 715 1800 siue
751 1734 1036 1800 noluerit
1068 1734 1365 1818 retinere,
1394 1734 1534 1819 ipse
1570 1734 1874 1800 uniuersa
1910 1756 2106 1799 onera
2141 1734 2321 1799 here—

285 1824 519 1890 ditaria
584 1821 922 1910 sustinet43
994 1824 1105 1889 sed
1178 1827 1408 1907 quarta
1482 1823 1741 1907 quidem
1812 1827 2062 1888 retenta
2136 1824 2320 1907 quasi

281 1915 488 1998 partis
528 1917 593 1977 et
628 1935 747 1997 pro
785 1917 969 1998 parte
1015 1913 1467 1998 stipulationes
1513 1913 1839 1997 interponi
1886 1912 2121 1977 debent
2160 1917 2321 1977 tam-

284 2024 479 2086 quam
517 2004 687 2067 inter
731 2002 1113 2087 partiarium
1158 2002 1543 2088 legatarium
1583 2005 1648 2066 et
1688 2002 2015 2086 heredem3
2063 2002 2119 2067 si
2164 2024 2318 2066 uero

281 2095 490 2157 totam
536 2092 957 2157 hereditatem
1004 2088 1380 2176 restituerit,
1428 2091 1510 2155 ad
1554 2090 1919 2175 exemplum
1966 2095 2218 2175 emptae
2256 2096 2322 2155 et

283 2182 586 2247 uenditae
642 2181 1015 2247 hereditatis
1081 2180 1535 2266 stipulationes
1590 2181 2094 2263 interponendae
2150 2185 2318 2245 sunt.

284 2270 419 2337 258.
469 2269 596 2336 Sed
633 2272 690 2337 si
732 2274 987 2337 recuset
1024 2271 1302 2355 scriptus
1338 2271 1525 2336 heres
1565 2271 1739 2334 adire
1775 2270 2195 2334 hereditatem
2236 2270 2317 2335 ob

284 2361 378 2444 id,
427 2360 601 2444 quod
648 2360 819 2425 dicat
864 2382 1006 2425 eam
1044 2360 1168 2426 sibi
1224 2363 1589 2444 suspectam
1636 2381 1774 2425 esse
1822 2360 2006 2443 quasi
2060 2359 2319 2424 damno-

286 2472 452 2533 sam,
513 2453 778 2514 cauetur
825 2450 1178 2532 Peyasiano
1242 2453 1500 2515 senatus
1561 2447 1884 2531 consulto,
1942 2452 2017 2513 ut
2077 2448 2318 2514 deside·

282 2542 470 2603 rante
516 2561 592 2604 eo
601 2590 621 2624 ,
675 2540 780 2603 cui
834 2539 1173 2604 restituere
1227 2544 1497 2624 rogatus
1555 2542 1679 2622 est,
1734 2539 1913 2603 iussu
1955 2536 1964 2625 Ι
2004 2539 2317 2621 praetoris
2358 2550 2457 2599 121

287 2628 477 2693 adeat
521 2632 587 2693 et
629 2628 949 2712 restituat,
992 2629 1392 2713 proindeque
1438 2628 1498 2692 ei
1545 2632 1610 2692 et
1655 2627 1725 2691 in
1770 2649 1944 2713 eum,
1991 2628 2101 2711 qui
2149 2648 2318 2692 rece-

358 2932 385 2984 t
428 2861 480 2928 1)
488 2860 605 2985 ἐκ
634 2857 702 2912 V.
885 2860 938 2928 2)
977 2859 1064 2912 set
1100 2857 1168 2914 V.
1351 2859 1404 2926 3)
1440 2860 1775 2927 permanent
1809 2855 1877 2910 V.
2059 2858 2113 2925 4)
2152 2856 2320 2910 susti-

284 2946 356 2984 ne
384 2947 453 2984 ur
544 2971 556 2984 .

430 3113 461 3174 ς
501 3113 623 3162 255.
661 3135 729 3154 ==
758 3109 808 3161 Ι.
839 3115 890 3176 2,
911 3113 996 3175 23,
1017 3114 1066 3163 6.
1105 3108 1174 3175 cf.
1216 3108 1552 3177 Ulp.25‚14.
1590 3109 1666 3161 D.
1698 3112 1783 3176 55,
1804 3112 1855 3176 2,
1876 3110 1942 3161 95
1982 3108 2145 3178 (Pap.
2178 3109 2319 3177 294).

430 3184 461 3245 ς
501 3185 623 3234 255.
661 3206 729 3225 =
758 3180 808 3233 Ι.
839 3186 889 3247 2,
918 3183 1005 3247 23,
1035 3184 1083 3232 6.
1140 3181 1208 3247 cf.
1260 3180 1381 3249 [πρ.
1421 3185 1509 3247 25,
1539 3183 1623 3233 14.

430 3256 460 3317 5
500 3256 621 3306 257.
660 3277 727 3296 ==
758 3252 806 3305 I.
846 3257 895 3318 2,
925 3256 1011 3318 23,
1042 3256 1090 3303 6.
1138 3252 1208 3318 cf.
1246 3269 1422 3321 supra
1459 3257 1511 3315 2,
1540 3255 1661 3305 254.
1731 3251 1852 3319 Uzp.
1892 3254 1978 3317 25,
2011 3254 2094 3303 15.
2151 3250 2317 3305 Paul.

285 3328 338 3390 4,
369 3328 420 3391 3,
449 3328 498 3377 2.
554 3324 631 3377 D.
673 3326 757 3390 36,
790 3328 838 3390 1,
867 3328 934 3377 22
957 3324 1065 3392 (21)
1105 3324 1317 3393 (Pomp.
1358 3324 1500 3391 695).
1558 3326 1643 3391 36,
1676 3328 1724 3390 1,
1753 3326 1821 3374 47
1841 3322 1952 3391 (45)
1992 3322 2169 3391 (Mod.
2212 3323 2316 3392 79).

284 3399 374 3463 45,
405 3400 455 3461 1,
485 3399 571 3462 50,
602 3401 629 3448 1
672 3394 825 3463 (Uzp.
867 3395 1041 3463 1229).

430 3471 461 3532 ς
501 3466 746 3533 256010.
785 3465 908 3535 Uzp.
939 3470 1025 3533 2,5
1057 3470 1140 3519 16.
1196 3466 1365 3521 Paul.
1394 3470 1446 3533 4,
1475 3469 1527 3533 4,
1556 3469 1712 3519 2-4.
1763 3466 1839 3520 D.
1871 3469 1957 3533 29,
1986 3469 2037 3533 4,
2069 3470 2133 3518 17
2165 3464 2317 3535 (Gai.

285 3539 431 3607 306).
489 3538 878 3606 36,1passzm
916 3538 1058 3592 Nov.
1100 3543 1288 3610 1,1,1
1332 3540 1404 3608 (a.
1444 3541 1585 3608 535).

393 3638 560 3677 Ivem?
595 3646 761 3677 ‚Am
854 3637 985 3678 n.eS
996 3637 1460 3677 keleKubl.1.
1929 3632 1994 3680 17
