2650 3917
391 164 526 229 476
867 162 1170 218 VLPIANI
1203 162 1551 218 REGVLAE
1585 161 1767 217 ml
1798 166 1963 215 4—9.

391 328 460 392 in
505 350 768 393 manum
813 327 1253 392 conueniendo
1298 331 1414 390 aut
1456 328 1529 391 in
1571 326 1791 392 locum
1834 326 1940 391 sui
1984 325 2241 389 heredis
2285 347 2433 389 suc-

391 416 695 501 cedendo,
735 416 919 482 uelut
959 438 1163 501 nepos
1205 420 1468 480 mortuo
1512 415 1652 480 filio
1696 413 1805 481 uel
1838 415 2272 517 emancipato,
2314 419 2434 479 sut

391 507 916 590 manumissione,
977 505 1044 570 id
1098 511 1215 588 est,
1273 507 1333 569 si
1384 504 1563 569 filius
1625 528 1708 570 ex
1764 507 1977 588 prims
2028 503 2427 568 secundsue¹

391 596 865 681 mancipatione
922 595 1361 660 manumissus
1416 615 1717 659 reuersus
1775 594 1864 658 sit
1923 594 1992 657 in
2050 594 2255 677 patris
2312 615 2430 678 po·

524 774 587 839 4.
629 770 942 838 Iuritum²
985 774 1066 837 fit
1105 777 1589 855 testamentum,
1631 774 1691 837 si
1724 769 2033 837 testator³
2077 772 2291 855 cupite
2336 771 2433 835 di-

391 863 682 928 minutus
724 863 941 948 fuerit,
985 867 1102 926 sut
1144 863 1202 927 si
1243 862 1386 926 iure
1428 862 1603 926 facto
1648 865 2037 926 testamento
2080 882 2276 925 nemo
2320 882 2431 925 ex·

391 952 606 1018 titsrit
647 952 851 1017 heres.

526 1041 583 1108 5.
630 1039 701 1106 Si
747 1041 824 1126 is,
868 1041 984 1126 qui
1024 1044 1489 1105 testamentum
1520 1039 1698 1122 fecit,
1741 1039 1825 1103 sb
1860 1038 2163 1104 hostibus
2198 1043 2433 1123 captus

393 1132 500 1215 sit,
543 1134 1003 1195 testamentum
1048 1131 1186 1195 eius
1230 1131 1425 1213 ualet,
1470 1130 1528 1192 si
1564 1128 1827 1213 quidem
1869 1150 2169 1193 reuersus
2210 1130 2432 1212 fuerit,

393 1221 532 1285 iure
577 1213 992 1304 postliminii3
1045 1220 1102 1283 si
1155 1241 1311 1283 uero
1368 1219 1465 1282 ibi
1517 1218 1881 1303 decesserit,
1943 1240 2025 1283 ex
2080 1217 2227 1303 lege
2274 1216 2431 1282 Cor-

391 1309 583 1394 nelia,
619 1307 821 1394 quae⁴
854 1308 1121 1393 perinde
1157 1307 1627 1374 successionem
1658 1307 1799 1372 eius
1826 1307 2185 1390 confirmat,
2229 1311 2433 1392 atque

395 1399 453 1463 si
499 1399 569 1463 in
615 1398 880 1463 ciuitate
925 1398 1319 1463 decessisset.

528 1487 582 1552 6.
641 1485 710 1552 Si
775 1491 1021 1572 septem
1088 1485 1293 1572 signis
1364 1486 1634 1550 testium
1700 1485 2029 1571 signatum
2090 1485 2179 1549 sit
2235 1489 2433 1549 testa-

185 1574 382 1629 19⁹1)oe
396 1581 706 1660 mentum
757 1575 913 1641 licet
955 1576 1095 1640 iure
1140 1574 1320 1639 ciuili
1364 1579 1634 1659 ruptum
1688 1574 1794 1639 uel
1838 1574 2111 1639 inritum
2162 1572 2434 1661 facltum

395 1666 500 1750 sit,
544 1668 806 1768 praetor
856 1665 1142 1766 scriptis·
1158 1664 1506 1730 heredibus
1560 1666 1744 1728 iuxta
1796 1663 2053 1728 tabulas
2106 1663 2433 1729 bonorum

393 1755 870 1840 possessiouem
915 1754 1045 1837 dat,
1090 1754 1146 1819 si
1180 1757 1459 1818 testator
1499 1757 1565 1818 et
1600 1752 1765 1817 ciuis
1801 1752 2134 1817 Romanus
2171 1757 2238 1818 et
2274 1775 2435 1818 suae

393 1844 757 1930 potestatis,
801 1865 949 1908 cum
992 1847 1375 1924 moreretur,
1418 1842 1574 1927 fuit3
1620 1864 1815 1927 quam
1869 1842 2188 1907 bonorum
2202 1839 2228 1879 ⁵
2279 1864 2432 1927 pos·

396 1935 750 2000 sessionem
783 1954 931 1998 cum
965 1955 1057 2016 re,
1095 1932 1166 1995 id
1200 1937 1300 1997 est
1338 1953 1486 1997 cum
1522 1893 1775 2014 e’ffectu',
1818 1930 2108 2015 habent⁶,
2144 1931 2200 1995 si
2235 1952 2434 1995 nemo

397 2024 566 2090 alius
612 2023 752 2087 iure
797 2022 983 2087 heres
1029 2022 1134 2086 sit.

530 2114 584 2178 7.
630 2111 883 2176 Liberis
920 2110 1343 2195 inpuberibus
1379 2109 1451 2173 in
1476 2113 1799 2195 potestate
1827 2109 2258 2194 manentibus,
2294 2113 2436 2173 tum

395 2201 567 2267 natis
640 2223 834 2285 quam
895 2199 1245 2285 postumiS‚
1314 2199 1584 2264 heredes
1659 2198 2056 2263 substituere
2126 2202 2435 2283 parentes

394 2295 670 2377 possunt
715 2289 959 2375 duplici
1011 2289 1227 2371 modo,
1279 2289 1350 2352 id
1405 2293 1505 2354 est
1549 2293 1662 2353 aut
1716 2309 1813 2372 eo,
1872 2285 2040 2372 quo⁷
2087 2289 2438 2372 extraneis,

396 2385 470 2444 ut
526 2380 582 2444 si
635 2378 901 2444 heredes
955 2400 1090 2443 non
1144 2377 1479 2443 extiterint
1529 2376 1739 2461 liberi,
1796 2377 2189 2442 substitutus
2242 2376 2439 2441 heres

395 2470 539 2554 fiat3
591 2472 706 2533 sut
751 2468 1016 2553 proprio
1072 2468 1239 2550 iure,
1294 2465 1408 2530 ut⁸
1470 2466 1528 2530 si
1589 2470 1742 2552 post
1802 2470 2080 2530 mortem
2143 2467 2437 2549 parentis

395 2557 660 2623 heredes
705 2558 865 2623 facti
909 2557 1084 2622 intra
1125 2556 1535 2641 pubertatem
1580 2555 1992 2638 decesserint,
2035 2553 2439 2620 substitutus

395 2646 584 2712 heres
645 2647 777 2711 fiat.
886 2645 941 2712 8.
1013 2645 1234 2710 Etiam
1298 2643 1738 2711 exheredatis⁹
1808 2644 1963 2709 filiis
2037 2645 2438 2709 substituere

396 2736 774 2823 parentibus
818 2736 987 2801 licet.
1079 2735 1135 2800 9.
1179 2733 1336 2801 Non
1379 2734 1568 2799 aliter
1605 2733 1901 2819 inpuberi
1945 2733 2084 2798 filio
2121 2733 2442 2798 substitu-

543 2950 596 3018 1)
634 2948 954 3003 secundans
989 2965 1128 3004 corr.
1165 2965 1230 3001 m
1277 2947 1332 3001 V
1369 2964 1406 3000 a
1441 2963 1615 3000 manu
1667 2962 1804 3001 saec.
1846 2945 2014 2999 XVI.
2070 2944 2322 2998 secunda
2353 2962 2443 3001 se-

402 3026 603 3105 querite
626 3036 800 3076 vacuo
834 3020 1017 3087 spatio
1063 3019 1117 3072 V
1163 3035 1314 3073 moen.
1343 3019 1510 3087 prim.
1569 3016 1905 3071 secundabit
1950 3016 1998 3069 V
2048 3033 2198 3070 man.
2236 3018 2440 3072 altera.

399 3095 453 3163 2)
489 3091 548 3146 in
585 3090 810 3145 irritum
849 3091 985 3215 V.6
1055 3090 1111 3161 3)
1146 3091 1326 3144 testor
1362 3090 1425 3142 V.
1542 3091 1598 3157 4)
1636 3103 1782 3157 quse
1822 3088 2103 3144 &dacin-⁴3.
2155 3104 2340 3155 neque
2369 3087 2443 3143 V.

293 3193 298 3198 «
398 3166 453 3234 ὁ)
490 3163 698 3217 bonam
746 3163 806 3218 V.
1043 3161 1288 3215 habetur
1334 3161 1395 3216 V.
1543 3162 1596 3230 7)
1633 3176 1746 3229 quo
1799 3160 1851 3214 Τ
1843 3160 1992 3214 altus
2048 3175 2175 3212 cum
2225 3159 2287 3213 V.

398 3238 453 3304 8)
488 3236 556 3289 ut
591 3235 777 3305 Huyo.
831 3232 894 3286 id
989 3275 1003 3288 .
1148 3234 1203 3302 9)
1241 3230 1652 3286 exhereditates
1697 3230 1761 3285 V.

542 3416 574 3477 9
610 3417 661 3464 4.
699 3411 772 3478 cf.
814 3410 941 3467 Gai.
982 3417 1032 3476 2,
1067 3415 1365 3464 145—146.
1414 3440 1483 3449 -
1529 3415 1560 3475 9
1598 3414 1648 3462 5.
1684 3410 1756 3477 cf.
1795 3410 1962 3464 Paul.
2001 3414 2051 3476 3,
2080 3414 2156 3475 4⁸,
2185 3413 2235 3463 8.
2292 3410 2348 3464 Ι.
2389 3416 2446 3476 2,

402 3487 487 3549 12,
515 3486 565 3536 6.
604 3512 672 3522 —
710 3487 745 3547 9
782 3486 831 3537 8.
868 3482 940 3549 cf.
981 3482 1109 3536 Gai.
1141 3487 1191 3546 2,
1223 3486 1352 3547 119;
1383 3485 1503 3533 147.
1559 3480 1718 3547 infra
1755 3486 1841 3549 28,
1872 3486 1930 3547 8,
1970 3486 2054 3534 13.
2093 3511 2161 3521 —
2201 3485 2233 3546 9
2273 3485 2326 3535 ⁷.
2362 3482 2445 3549 cf.

404 3553 532 3608 Gai.
572 3556 623 3618 2,
656 3557 783 3617 1793
819 3557 947 3606 183.
983 3583 1051 3593 —
1091 3558 1123 3618 9
1161 3557 1209 3606 8.
1249 3552 1319 3619 cf.
1363 3552 1492 3606 Gai.
1532 3557 1582 3618 2,
1614 3556 1734 3605 182.
