2650 3917
223 2288 324 2337 103

366 144 498 209 240
961 141 1088 197 GAI
1119 142 1375 197 INSTIT.
1412 142 1465 196 Π
1501 147 1801 197 189-192.

365 309 421 373 si
468 307 727 390 quidem
754 306 833 370 ¹in
879 307 1094 371 eadem
1141 328 1331 371 eausa
1380 307 1725 388 durauerit‚
1770 305 1846 367 fit
1884 327 1962 370 ex
2005 306 2392 369 testamento

364 396 528 461 liber
573 400 637 461 et
683 396 831 460 inde
876 396 1272 460 necessarius
1319 395 1530 459 heres:
1582 396 1639 458 si
1683 415 1838 458 uero
1886 393 1965 458 ab
2012 398 2157 477 ipso
2206 397 2395 458 testa—

365 491 505 550 tore
550 485 983 550 manumissus
1029 485 1244 568 fuerit,
1281 506 1399 548 suo
1449 483 1719 548 arbitrio
1760 482 2180 548 hereditatem
2221 482 2395 547 adire

364 578 604 659 potest3
660 574 829 659 quod
879 574 933 638 si
981 574 1296 638 alienatus
1345 574 1456 657 sit,
1502 574 1682 638 iussu
1725 572 1882 637 noui
1931 572 2178 636 domini
2224 573 2397 638 adire

363 663 782 729 hereditatem
841 663 1056 747 debet,
1112 685 1240 747 qua
1292 664 1543 727 ratione
1598 685 1713 746 per
1766 683 1910 726 eum
1969 661 2270 727 dominus
2327 662 2398 726 fit

361 753 573 819 heres:
620 776 768 817 nam
815 753 953 836 ipse
1008 773 1215 836 neque
1259 752 1445 817 heres
1490 774 1698 835 neque
1751 751 1918 815 liber
1972 773 2111 815 esse
2167 755 2395 834 potest.

363 843 487 909 189.
526 842 796 906 Alienus
826 863 1083 925 quoque
1111 862 1336 906 seruus
1363 841 1549 905 heres
1583 841 1940 924 institutus,
1979 841 2035 904 si
2070 840 2138 904 in
2176 841 2397 905 eadem

363 954 556 997 causa
600 931 947 1009 durauerit,
993 932 1173 995 iussu
1216 931 1463 994 domini
1507 929 1928 995 hereditatem
1968 929 2143 993 adire
2181 930 2398 1015 debet3

363 1023 418 1087 si
464 1043 618 1086 uero
680 1021 993 1085 alienatus
1041 1020 1121 1085 ab
1170 1042 1244 1084 eo
1300 1020 1499 1085 fuerit
1544 1023 1657 1084 aut
1709 1021 1866 1083 uiuo
1922 1023 2232 1085 testatore
2290 1023 2400 1084 aut

361 1115 514 1196 post
557 1114 834 1176 mortem
881 1109 1047 1193 eius,
1099 1114 1443 1193 antequam
1492 1113 1735 1192 cernat,
1782 1108 1972 1173 debet
2017 1110 2198 1172 iussu
2244 1109 2396 1173 noui

363 1201 609 1266 domini
656 1221 938 1265 cernere:
986 1200 1042 1263 si
1086 1220 1243 1263 uero
1290 1198 1724 1263 manumissus
1772 1201 1896 1281 est,
1953 1220 2069 1262 suo
2127 1197 2397 1262 arbitrio

363 1290 537 1355 adire
573 1289 995 1355 hereditatem
1034 1292 1266 1372 potest.
1359 1287 1483 1351 190.
1524 1286 1594 1351 Si
1633 1292 1849 1351 autem
1888 1309 2111 1351 seruus
2149 1286 2397 1351 alienus

362 1380 547 1444 heres
596 1379 935 1443 institutus
983 1382 1082 1443 est
1135 1376 1392 1462 uulgari
1451 1378 1734 1442 cretione
1796 1376 1971 1460 data,
2030 1378 2123 1441 ita
2170 1376 2400 1442 intelle-

362 1469 541 1554 gitur
598 1468 731 1533 dies
798 1467 1101 1532 cretionis
1157 1467 1407 1549 cedere,
1453 1466 1508 1529 si
1566 1466 1705 1552 ipse
1770 1487 1994 1531 seruus
2056 1465 2281 1532 scierit
2335 1487 2400 1530 se

362 1557 662 1622 heredem
709 1557 1077 1621 institutum
1117 1578 1257 1620 esse
1294 1577 1412 1620 nec
1457 1555 1664 1621 ullum
1712 1555 2249 1639 impedimentum
2298 1555 2400 1640 sit,

363 1668 493 1730 quo
536 1646 750 1711 minus
797 1646 1135 1711 certiorem
1185 1645 1515 1710 dominum
1565 1647 1831 1728 faceret,
1876 1649 1952 1709 ut
1996 1643 2171 1709 illius
2220 1645 2404 1710 iussu

365 1757 620 1800 cernere
666 1736 890 1819 possit.

497 1826 613 1890 191.
662 1824 820 1889 Post
855 1824 1015 1889 haec
1050 1825 1385 1889 uideamus
1416 1824 1493 1889 de
1522 1823 1772 1909 legatis.
1848 1844 2011 1906 quae
2049 1843 2200 1906 pars
2240 1823 2403 1887 iuris

363 1920 546 1980 extra
580 1913 981 1998 propositam
1019 1914 1280 1997 quidem
1317 1913 1651 1979 materiam
1691 1912 1973 1976 uidetur:
2011 1933 2162 1976 nam
2195 1912 2405 1997 loqui-

362 2027 509 2069 mur
555 2005 632 2068 de
668 2003 770 2068 his
806 2005 965 2068 iuris
1011 2004 1258 2089 figuris,
1305 2004 1539 2089 quibus
1577 2000 1730 2086 perl
1765 2002 2261 2066 uniuersitatem
2300 2024 2403 2066 res

361 2094 550 2158 nobis
597 2094 1052 2177 adquiruntur:
1102 2093 1213 2159 sed
1251 2114 1395 2157 cum
1436 2094 1611 2157 omni
1647 2092 1839 2155 modo
1878 2090 1957 2155 de
1992 2091 2402 2157 testamentis

365 2183 568 2267 deque
621 2182 992 2266 heredibus,
1049 2183 1161 2266 qui
1216 2185 1603 2247 testamento
1659 2180 2090 2245 instituuntur
2100 2178 2143 2264 ²,
2199 2181 2405 2246 locuti

365 2294 604 2356 sumus,
631 2293 763 2336 non
802 2273 939 2338 sine
979 2293 1170 2336 causa
1207 2270 1502 2355 sequenti
1538 2269 1681 2335 loco
1723 2272 1732 2353 Ι
1773 2269 2014 2354 poterit
2049 2269 2211 2334 haec
2242 2271 2403 2335 iuris

365 2364 633 2426 materia
679 2362 959 2426 tractari.

1167 2520 1285 2605 [De
1331 2520 1595 2605 legatis]

497 2629 623 2694 192.
670 2629 1059 2715 Legatorum
1108 2630 1326 2712 itaque
1384 2649 1621 2713 genera
1679 2631 1831 2692 sunt
1887 2630 2222 2711 quattuor:
2290 2630 2405 2692 aut

364 2719 536 2783 enim
582 2741 697 2802 per
741 2718 1243 2782 uindicationem
1289 2718 1581 2803 legamus
1622 2721 1735 2781 aut
1772 2738 1886 2801 per
1923 2716 2404 2781 damnationem

364 2811 477 2872 aut
523 2807 773 2872 sinendi
817 2808 1010 2873 modo
1058 2811 1170 2871 aut
1214 2829 1329 2892 per
1373 2808 1906 2891 praeceptionem.

509 2967 561 3035 1)
599 2981 700 3034 pro
738 2964 804 3019 V.
952 2968 1004 3034 2)
1042 2959 1354 3018 instituunt
1390 2964 1456 3019 V.

506 3113 537 3173 8
578 3111 697 3162 188.
754 3110 822 3175 cf.
860 3124 1034 3176 supra
1073 3113 1121 3173 2,
1154 3112 1273 3161 153.
1331 3108 1407 3161 D.
1447 3112 1534 3173 28,
1564 3112 1613 3174 5,
1645 3113 1693 3174 9,
1726 3113 1792 3161 16
1812 3124 1888 3177 sq.
1918 3108 2071 3177 (Ulp.
2095 3110 2275 3176 2465).
2315 3111 2404 3174 28,

365 3186 413 3249 5,
445 3186 513 3234 52
536 3182 646 3250 (51)
686 3181 992 3249 (Marciam.
1033 3182 1174 3248 247).

505 3257 535 3317 s
576 3257 696 3305 189.
754 3252 823 3317 cf.
862 3252 1020 3318 infra
1058 3256 1107 3318 2,
1136 3256 1256 3303 245.
1313 3251 1391 3304 D.
1432 3255 1517 3315 29,
1547 3255 1597 3316 2,
1628 3255 1713 3316 62,
1746 3256 1772 3303 1
1815 3252 1955 3320 (Ιαυ.
1997 3252 2138 3318 166).
2197 3253 2405 3316 37,11,

365 3330 414 3390 2,
445 3329 475 3377 9
514 3323 667 3393 (Uzp.
709 3324 884 3391 1147).
942 3327 1026 3387 28,
1058 3327 1106 3387 8,
1140 3328 1166 3375 1
1180 3340 1272 3392 pr.
1312 3322 1465 3391 (Uzp.
1507 3324 1682 3392 1396).
2327 3352 2333 3358 -

505 3399 536 3459 ξ
578 3398 695 3447 190.
754 3395 823 3459 cf.
860 3410 1036 3461 supra
1073 3400 1123 3461 2,
1156 3399 1273 3446 172.
1332 3394 1407 3445 D.
1449 3398 1533 3461 38,
1565 3399 1649 3458 15,
1680 3397 1711 3446 5
1751 3393 2026 3463 (Marcell.
2070 3395 2211 3463 125).

506 3470 536 3529 ξ
577 3469 696 3518 191.
738 3490 804 3509 =
832 3466 883 3517 Ι.
923 3469 972 3531 2,
1004 3469 1173 3531 20pr.
1231 3467 1300 3532 cf.
1338 3482 1513 3536 sugpra
1551 3470 1601 3532 2,
1632 3470 1716 3518 97.

507 3540 538 3600 s
579 3540 699 3589 192.
752 3536 823 3601 cf.
866 3535 980 3590 Gai
1013 3538 1138 3605 epit.
1180 3541 1230 3603 2,
1260 3540 1291 3588 5
1302 3552 1395 3604 pr.
1452 3537 1502 3589 Ι.
1542 3542 1592 3603 2,
1622 3541 1707 3604 20,
1739 3543 1786 3590 2.
1856 3536 1979 3606 Uzp.
2019 3541 2104 3602 24,
2134 3541 2184 3589 2.
