2650 3917
927 172 982 227 C.
1021 172 1283 227 ATEIVS
1322 173 1599 227 CAPITO.
2171 175 2255 239 67

218 341 513 400 mentum
529 334 552 372 ¹
598 340 663 400 et
708 335 1025 400 exsolutio
1073 337 1283 401 omnis
1334 340 1698 403 contractae
1743 337 2076 424 religionis
2116 339 2256 402 est'.

220 463 307 472 —
352 425 523 491 Fest.
569 447 624 489 v.
658 426 1103 507 propudiawus
1135 446 1206 507 p.
1246 425 1391 490 238.

354 514 443 580 16.
491 513 762 580 Porcam
817 536 1072 579 auream
1127 517 1193 578 et
1254 519 1625 601 argenteam
1691 515 1816 579 dici
1881 517 1973 579 ait
2031 514 2258 599 Capito

219 602 484 687 Ateius,
530 625 695 688 quae
742 603 862 668 etsi
906 625 1173 668 numero
1227 603 1588 669 hostiarum
1633 625 1766 669 non
1811 605 1969 690 sint,
2023 627 2259 669 nomen

219 695 438 758 tamon
502 715 722 757 earum
785 691 1047 778 habere,
1111 690 1415 757 alteram²
1460 715 1537 757 ex
1589 715 1764 777 auro,
1829 692 2133 759 alteram²
2177 716 2255 759 ex
2313 719 2338 760 5

219 785 491 867 argento
535 782 774 847 factam
822 781 1112 846 adhiberi
1158 782 1473 848 sacrificio
1523 780 1773 847 Ceriali.
1841 822 1926 830 —
1991 783 2156 848 Fest.
2202 806 2256 848 v.

207 891 475 953 porcam
509 893 580 954 p.
620 871 771 937 238.

354 962 442 1025 17.
494 959 777 1024 ‘Rutilae
825 981 1042 1043 caneS,
1096 960 1163 1025 id
1209 965 1307 1024 est
1351 982 1485 1026 non
1544 962 1773 1045 procul
1818 984 1856 1025 a
1911 961 2109 1025 rubro
2158 983 2259 1027 co-

216 1049 373 1134 lore,
419 1048 882 1133 immolantur'‚
928 1052 1003 1114 ut
1049 1049 1142 1113 ait
1177 1049 1408 1115 Ateius
1453 1048 1702 1133 Capit0,
1749 1051 2028 1116 ‘canario
2069 1051 2258 1115 sacri-

216 1139 369 1204 ficio
416 1160 537 1223 pro
585 1139 882 1224 frugibus
930 1138 1362 1222 deprecandae
1418 1138 1724 1203 saeuitiae
1779 1160 1971 1204 causa
2028 1140 2255 1204 sideris
2289 1165 2338 1204 ιο

219 1227 593 1294 caniculae'.
639 1265 729 1274 —
772 1227 938 1293 Fest.
984 1250 1038 1292 v.
1083 1228 1314 1293 rutilae
1345 1250 1416 1310 p.
1456 1228 1603 1293 285.

726 1421 850 1475 DE
891 1421 1215 1477 OFFIGIO
1251 1421 1471 1476 SENA
1481 1420 1762 1477 TOR10.³

351 1531 439 1597 18.
490 1529 558 1595 C.
609 1529 839 1596 Caesar
883 1531 952 1595 in
1008 1532 1373 1615 consulatu,
1439 1553 1628 1616 quem
1683 1553 1830 1597 cum
1882 1532 1969 1596 M.
2017 1532 2256 1597 Bibulo

216 1619 477 1707 gessit⁴‚
535 1624 844 1705 quattuor
889 1621 1063 1684 solos
1110 1625 1291 1685 extra
1348 1620 1636 1684 ordinem
1690 1642 1952 1707 rogasse
2009 1626 2257 1687 senten-

217 1710 380 1776 tiam
465 1710 718 1774 dicitur.
838 1731 917 1773 ex
998 1710 1101 1775 his
1177 1712 1486 1792 quattuor
1559 1709 1913 1794 principem
1984 1712 2257 1797 rogabat
2286 1736 2338 1776 15

213 1799 300 1864 M.
334 1798 668 1883 Crassum3
715 1798 824 1862 sed
861 1802 1209 1883 postquam
1255 1798 1458 1862 filiam
1499 1797 1608 1863 Cn.
1638 1797 1947 1882 Pompeio
1988 1800 2258 1884 despon-

217 1888 430 1972 derat,
486 1888 767 1972 primum
832 1892 1134 1972 coeperat
1196 1886 1578 1971 Pompeium
1634 1908 1878 1972 rogare.
1971 1890 2108 1953 eius
2163 1891 2256 1953 rei

210 1979 538 2043 rationem
584 1976 935 2041 reddidisse
981 1998 1127 2042 eum
1176 1977 1426 2041 senatui
1464 1975 1616 2041 Tiro
1657 1977 1925 2062 Tullius,
1964 1977 2050 2042 M.
2081 1975 2257 2043 Cice-

211 2069 393 2132 ronis
441 2066 736 2148 libertus⁷
781 2065 976 2132 refert
1018 2067 1240 2149 itaque
1287 2087 1355 2130 se
1401 2087 1480 2130 ex
1516 2071 1789 2150 patrono
1840 2088 1956 2131 suo
2004 2067 2257 2132 audisse

215 2156 461 2221 scribit.
555 2155 623 2219 id
685 2156 897 2238 ipsum
951 2154 1179 2239 Capito
1236 2153 1465 2219 Ateius
1529 2155 1599 2218 in
1662 2155 1858 2240 libro,
1922 2178 2113 2238 quem
2178 2156 2256 2220 de
2284 2181 2336 2220 20

215 2245 438 2311 officio
468 2246 791 2314 senatorio
823 2244 1205 2328 composuit,
1234 2244 1548 2327 scriptum
1576 2243 1855 2329 reliquit.
1933 2246 2004 2308 in
2032 2245 2255 2309 eodem

210 2334 382 2399 libro
443 2331 778 2417 Capitonis
841 2333 907 2396 id
973 2355 1230 2417 quoque
1294 2334 1605 2417 scriptum
1670 2337 1794 2399 est:
1844 2331 1977 2418 ‘G.’‚
2021 2334 2256 2419 inquit,

214 2422 479 2489 ‘Caesar
524 2422 751 2487 consul
796 2421 879 2488 M.
931 2421 1238 2487 Catonem
1294 2423 1677 2488 sententiam
1724 2424 1999 2510 rogauit.
2095 2421 2254 2488 Cato

209 2536 366 2595 rem,
405 2532 573 2596 quae
611 2510 1082 2593 consulebatur,
1121 2513 1428 2596 quoniam
1456 2534 1588 2577 non
1627 2534 1661 2576 e
1697 2534 1765 2577 re
1794 2511 2055 2595 publica
2081 2512 2253 2577 uide·

212 2602 423 2685 batur,
470 2600 698 2685 perfici
742 2600 1021 2665 nolebat.
1113 2602 1249 2665 eius
1296 2603 1390 2665 rei
1439 2602 1758 2666 ducendae
1806 2602 2014 2688 gratia
2058 2603 2254 2688 longa
2282 2626 2333 2666 2⁵

211 2693 508 2756 oratione
591 2689 898 2754 utebatur
970 2690 1415 2775 eximebatque
1488 2689 1756 2755 dicendo
1840 2691 2023 2755 diem.
2117 2696 2253 2755 erat

211 2782 384 2845 enim
432 2780 538 2844 ius
587 2779 886 2861 senatori,
932 2782 1007 2843 ut
1052 2779 1436 2844 sententiam
1492 2784 1758 2864 rogatus
1805 2779 2043 2844 diceret
2088 2784 2255 2864 ante,

213 2868 527 2955 quicquid
573 2866 775 2933 uellet
822 2868 984 2932 aliae
1021 2868 1116 2931 rei
1155 2872 1220 2932 et
1266 2868 1478 2952 quoad
1523 2867 1737 2933 uellet.
1833 2867 2060 2932 Caesar
2109 2891 2255 2933 con-

215 2960 317 3024 sul
362 2960 688 3024 uiatorem
735 2959 999 3022 uocauit
1045 2979 1338 3042 eumque,
1386 2980 1531 3022 cum
1579 2957 1773 3022 finem
1818 2980 1950 3022 non
1998 2957 2254 3042 faceret,

211 3048 440 3132 prendi
487 3047 863 3130 loquentem
910 3051 974 3110 et
1020 3046 1088 3109 in
1135 3067 1450 3112 carcerem
1499 3046 1646 3112 duci
1693 3046 1899 3111 iussit.
1994 3051 2251 3113 senatus
2281 3074 2334 3128 so

213 3135 620 3203 consurrexit
683 3139 750 3199 et
820 3136 1330 3220 prosequebatur
1395 3134 1701 3200 Catonem
1774 3137 1839 3200 in
1917 3157 2251 3202 carcerem.

214 3226 375 3309 hac’,
420 3225 660 3311 inquit,
710 3224 980 3290 ‘inuidia
1024 3226 1197 3291 facta
1246 3223 1476 3289 Caesar
1524 3224 1770 3289 destitit
1818 3230 1882 3288 et
1928 3227 2104 3291 mitti
2140 3224 2255 3291 Ca-

215 3322 434 3382 tonem
482 3314 719 3380 iussit’.
768 3352 856 3360 -—
908 3314 1062 3380 Gall.
1101 3315 1162 3396 4,
1206 3313 1306 3395 10,
1344 3313 1537 3378 5—8.

357 3495 408 3562 1)
445 3490 804 3561 plumentum
868 3490 982 3544 cod.
1191 3492 1243 3558 2)
1283 3489 1520 3543 alterum
1558 3491 1671 3544 cod.
1883 3492 1935 3559 3)
1974 3491 2042 3557 cf.
2081 3508 2254 3560 supra

208 3581 266 3632 p.
295 3569 362 3617 63
401 3582 458 3618 n.
491 3570 541 3618 2.
691 3564 744 3631 4)
783 3580 833 3615 a.
866 3579 918 3614 u.
962 3566 1083 3628 695,
1122 3579 1172 3614 α.
1216 3560 1340 3615 Chr.
1383 3566 1466 3614 59.

1861 3651 1930 3704 δύ
