2650 3917
197 2423 299 2473 195

323 124 453 189 338
926 124 1053 180 GAI
1085 124 1341 180 INSTIT.
1379 123 1457 178 IV
1495 129 1743 178 17—17·.

322 287 435 351 bat
450 339 467 372 ,
514 287 580 351 id
625 291 723 352 est
768 288 1028 353 interim
1082 287 1365 373 aliquem
1410 308 1846 372 possessorem
1901 287 2358 370 constituebat,

324 398 596 461 eumque
642 377 907 442 iubebat
952 378 1215 461 praedes
1231 375 1254 414 ²
1299 377 1667 443 aduersario
1724 376 1875 440 dare
1919 378 2057 441 litis
2104 381 2168 441 et
2214 377 2357 440 uin-

326 465 655 551 diciarum,
700 466 768 530 id
814 470 913 531 est
956 467 1052 531 rei
1099 471 1164 531 et
1207 467 1566 545 fructuum;
1618 466 1780 531 alios
1829 469 2042 531 autem
2086 466 2357 550 praedes

325 556 465 639 ipse
509 560 770 640 praetor
822 556 902 621 ab
959 561 1235 640 utroque
1290 555 1646 639 accipiebat
1708 555 2118 640 sacramenti,
2181 554 2360 638 quod

326 644 393 709 id
421 645 490 708 in
516 644 850 728 publicum
888 645 1168 710 cedebat.
1259 645 1508 709 festuca
1541 649 1755 709 autem
1792 644 2144 708 utebantur
2170 645 2359 727 quasi

325 734 549 798 hastae
581 733 743 819 loco,
773 734 960 821 signo
1000 734 1275 819 quodam
1315 735 1471 798 iusti
1507 733 1794 816 dominii,
1832 733 2006 816 quod
2042 730 2361 797 maxime²

325 844 445 888 sua
490 844 628 887 esse
674 824 1045 909 credebant,
1101 845 1263 907 quae
1311 845 1391 888 ex
1435 823 1730 888 hostibus
1788 823 2133 907 cepissent3
2185 822 2362 886 unde

328 913 397 976 in
443 912 1015 978 centumuiralibus
1071 913 1326 977 iudiciis
1379 912 1566 977 hasta
1626 911 2060 996 praeponitur.
2151 911 2238 976 17.
2288 909 2360 976 Si

330 1024 458 1087 qua
502 1023 604 1066 res
649 1002 799 1066 talis
847 1006 1009 1086 erat,
1064 1005 1136 1066 ut
1184 1002 1321 1066 sine
1379 1001 1786 1066 incommodo
1840 1022 1972 1065 non
2024 1003 2244 1086 posset
2290 1001 2364 1064 in

328 1092 430 1156 ius
476 1091 713 1156 adferri
759 1090 865 1155 uel
911 1091 1166 1175 adduci,
1210 1091 1393 1155 uelut
1439 1092 1494 1155 si
1541 1089 1840 1156 columna
1884 1094 1997 1154 aut
2043 1111 2201 1176 grex
2246 1088 2364 1154 311-

330 1181 511 1245 cuius
549 1181 798 1264 pecoris
836 1182 1020 1265 esset,
1058 1201 1208 1282 pars
1246 1180 1464 1264 aliqua
1499 1179 1647 1245 inde
1693 1179 2083 1264 sumebatur,
2130 1178 2363 1243 deinde

330 1271 399 1335 in
446 1292 585 1334 eam
630 1274 879 1354 partem
927 1271 1111 1353 quasi
1157 1270 1252 1333 in
1280 1273 1488 1335 totam
1532 1291 1671 1333 rem
1715 1272 2116 1352 praesentem
2161 1267 2363 1332 fiebat

330 1358 710 1442 uindicatio3
769 1358 989 1442 itaque
1033 1357 1213 1424 uelat
1256 1381 1335 1422 ex
1395 1355 1628 1445 grege⁸
1670 1356 1776 1422 uel
1834 1379 1964 1421 una
2022 1355 2203 1421 ouis4
2248 1360 2364 1420 aut

335 1469 526 1532 capra
571 1447 642 1512 in
687 1410 787 1511 ius
837 1447 1297 1532 adducebatur,
1345 1448 1453 1512 uel
1498 1450 1696 1512 etiam
1742 1445 1914 1531 pilus
1960 1446 2109 1511 inde
2155 1467 2363 1510 sume-

330 1537 523 1601 batur
569 1541 633 1601 et
677 1536 747 1600 in
792 1537 893 1601 ius
940 1537 1380 1622 adserebatur3
1425 1558 1500 1601 ex
1548 1557 1714 1602 naue
1759 1557 1914 1600 uero
1952 1539 2017 1600 et
2063 1534 2366 1599 columna

333 1625 549 1710 aliqua
593 1647 742 1709 pars
790 1625 1296 1711 defringebatur3
1344 1625 1641 1691 similiter
1686 1625 1742 1689 si
1781 1625 1859 1689 de
1902 1624 2102 1689 fundo
2138 1625 2248 1689 uel
2285 1624 2365 1687 de

333 1715 598 1780 aedibus
645 1715 782 1779 siue
829 1715 905 1779 de
953 1715 1305 1780 hereditate
1353 1714 1789 1780 controuersia
1834 1717 1997 1797 erat,
2053 1735 2204 1797 pars
2251 1711 2365 1776 ali-

334 1826 462 1889 qua
506 1803 653 1868 inde
710 1805 1083 1870 sumebatur
1128 1807 1194 1868 et
1237 1805 1307 1868 in
1352 1804 1454 1867 ius
1510 1803 1943 1888 adserebatur,
1997 1808 2062 1867 et
2106 1803 2176 1865 in
2222 1823 2366 1866 eam

334 1897 583 1977 partem
621 1890 930 1978 proinde⁶
967 1898 1161 1978 atque
1198 1894 1268 1957 in
1303 1897 1510 1957 totam
1547 1915 1683 1958 rem
1728 1896 2128 1976 praesentem
2164 1891 2369 1955 fiebat

334 1982 705 2066 uindicatio,
750 1981 932 2049 uelut
969 2005 1045 2047 ex
1088 1982 1287 2048 fundo
1336 1982 1526 2068 gleba
1571 1982 1944 2047 sumebatur
1979 1984 2045 2045 et
2081 2001 2160 2044 ex
2197 1979 2370 2043 aedi-

334 2072 455 2137 bus
494 2071 730 2157 tegula,
760 2075 823 2136 et
861 2072 917 2136 si
955 2071 1032 2136 de
1071 2071 1425 2136 hereditate
1462 2071 1900 2136 controuersia
1935 2072 2089 2155 erat,
2115 2091 2324 2153 aeque
2358 2066 2364 2154 ᾖ

333 2182 433 2228 res
476 2161 577 2226 ael
620 2162 714 2226 rei
746 2181 910 2244 pars
954 2162 1173 2244 aliqua
1216 2161 1368 2226 inde
1410 2159 1780 2226 sumebatm.
1785 2157 1809 2196 ⁶

1050 2301 1198 2372 [Fol.
1236 2301 1617 2372 deperditum]
1634 2301 1653 2331 ‘¹

441 2411 584 2476 17⁸.
622 2449 1208 2456 —-——————-—
1236 2409 1492 2494 qualem
1758 2408 2026 2495 capiend
2078 2406 2325 2473 iudicio
2361 2407 2371 2496 Ι

864 2499 945 2564 ad
980 2498 1258 2564 iudicem
1306 2498 1685 2582 capiendum
1730 2501 1986 2582 praesto
2034 2517 2170 2561 esse
2221 2497 2329 2561 de-
2363 2508 2372 2583 Ι

484 2695 535 2763 1)
572 2693 859 2763 praesides
896 2692 963 2747 V.
1110 2695 1161 2762 2)
1201 2692 1353 2761 quod
1388 2691 1632 2746 maxime
1667 2692 1785 2745 Ha.
1843 2688 2033 2749 OXXJ.
2070 2704 2161 2743 me
2198 2689 2269 2743 V.

341 2766 393 2835 3)
431 2780 632 2834 grecae
669 2764 735 2818 V.
881 2765 933 2833 4)
973 2764 1100 2833 quis
1143 2765 1202 2819 V.
1351 2764 1403 2833 5)
1442 2763 1613 2834 pinde
1644 2761 1712 2816 V.
1859 2765 1911 2832 6)
1948 2761 2379 2815 res—sumeba-

339 2838 433 2890 tur
466 2839 645 2905 suppl
686 2837 803 2891 Ha.
1023 2837 1074 2906 7)
1112 2837 1175 2890 in
1219 2837 1305 2890 his
1361 2835 1577 2889 duabus
1622 2835 1854 2904 payinis
1902 2833 2082 2888 Gaias
2117 2834 2380 2901 primum
2470 2858 2489 2867 ’

337 2908 555 2963 videtum
596 2909 842 2963 solennes
876 2908 1021 2962 ritus
1055 2925 1124 2963 ac
1157 2909 1345 2974 verba,
1382 2923 1520 2975 qaae
1557 2907 1633 2961 ad
1668 2922 1851 2960 rerum
1905 2903 2213 2960 absentium
2249 2906 2380 2959 vin-

340 2980 667 3035 dicationem
712 2979 1067 3048 pertinebant
1103 2979 1262 3048 (Gen.
1302 2982 1388 3044 20,
1420 2982 1502 3031 10.
1590 2977 1698 3032 Cic.
1736 2993 1844 3045 pro
1883 2977 2038 3031 Mar.
2080 2976 2168 3044 12)
2209 2975 2380 3030 addi-

340 3052 483 3105 disse
520 3049 609 3120 (ef.
638 3051 797 3117 infra
825 3056 875 3116 4,
896 3052 1003 3120 48),
1041 3050 1233 3104 deinde
1262 3050 1337 3103 ad
1374 3050 1505 3118 leyis
1542 3050 1821 3114 actionem,
1860 3063 1998 3116 qaae
2026 3063 2130 3114 per
2167 3047 2383 3103 iudicis

331 3123 761 3192 postulationem
795 3091 975 3189 fiebat,
1012 3122 1310 3177 transiisse.
1384 3120 1613 3189 denique
1653 3121 1715 3173 in
1760 3125 2000 3174 extrema
2047 3118 2226 3172 altera
2263 3137 2378 3187 pa-

339 3194 478 3265 gina
515 3194 591 3248 ad
627 3193 1016 3248 condictionem
1051 3193 1347 3247 transitum
1383 3191 1525 3258 feeit.

486 3376 516 3436 ς
558 3375 640 3423 17.
697 3371 766 3437 ef.
805 3370 953 3425 Fest.
990 3387 1038 3425 v.
1075 3370 1352 3425 vindiciae
1378 3388 1439 3439 p.
1470 3375 1573 3423 326
1612 3369 1825 3439 (Brun-s
1858 3367 1952 3434 11⁶,
1972 3371 2082 3438 48).
2137 3384 2199 3422 v.
2212 3383 2382 3424 mem-

344 3444 501 3497 brum
539 3442 752 3496 abscidi
776 3459 836 3510 p.
871 3446 988 3495 148.
1064 3441 1174 3497 Cic.
1202 3458 1311 3512 pro
1350 3443 1504 3496 Mm.
1545 3446 1629 3507 12,
1659 3446 1743 3494 26.
1822 3439 1957 3495 Geel.
1998 3442 2202 3507 20,10.

489 3518 520 3578 5
561 3517 669 3565 17.
725 3511 1018 3567 condicere
1054 3516 1245 3568 autem
1280 3520 1374 3568 ete.
1413 3539 1479 3559 =
1509 3514 1558 3567 Ι.
1597 3482 1647 3578 4,
1678 3516 1728 3578 6,
1759 3516 1842 3566 15.
