2650 3917
868 164 994 219 GAI
1028 164 1282 219 INSTIT.
1321 165 1400 218 m
1436 169 1663 218 35—38.
2156 165 2290 230 273

252 332 463 393 uocat.
558 328 792 412 quibus
840 329 1094 394 casibus
1139 328 1523 393 beneficium
1578 328 1714 392 eius
1761 327 1830 391 in
1876 349 1951 392 eo
2014 330 2151 393 solo
2198 331 2293 394 ui-

258 417 446 482 detur
490 416 777 501 aliquam
822 420 1172 484 utilitatem
1221 417 1483 500 habere,
1543 420 1618 481 ut
1665 417 1747 500 is,
1796 417 1907 501 qui
1953 418 2047 482 ita
2092 418 2291 484 bono-

253 529 400 572 rum
454 508 926 591 possessionem
984 508 1165 593 petit,
1227 505 1589 588 interdietO,
1653 507 1834 571 ouius
1898 508 2289 591 principium

255 600 355 661 est
401 613 694 674 QVORVM
740 614 1099 681 BONORVM,
1145 596 1244 661 uti
1289 597 1514 681 possit,
1554 595 1736 661 euius
1766 596 2093 662 interdicti
2127 618 2289 680 quae

255 684 343 750 sit
379 685 649 770 utilitas,
687 707 804 750 suo
842 686 986 752 loco
1024 707 1485 771 proponemus3
1527 685 1817 769 alioquin
1852 689 2097 750 remota
2134 707 2289 770 quo-

254 796 381 858 que
443 775 763 841 bonorum
835 778 1240 861 possessione
1306 775 1388 839 ad
1452 796 1560 839 eos
1623 774 1946 840 hereditas
2009 777 2290 860 pertinet

253 864 394 929 iure
442 865 637 930 ciuili.

389 953 481 1019 35.
532 952 831 1019 Ceterum
888 975 1077 1038 saepe
1133 953 1518 1037 quibusdam
1574 954 1667 1018 ita
1721 953 1909 1018 datur
1968 953 2289 1019 bonorum

252 1044 596 1127 possessiO,
631 1047 707 1108 ut
744 1044 818 1127 is,
856 1042 961 1109 oui
998 1044 1147 1108 data
1185 1042 1287 1128 sit,
1332 1064 1461 1108 non
1506 1044 1795 1127 optineat
1838 1043 2287 1128 hereditatem3

254 1154 420 1217 quae
466 1133 784 1198 bonorum
836 1134 1157 1218 possessio
1214 1132 1452 1197 dieitur
1506 1132 1643 1196 sine
1697 1154 1782 1196 re.
1876 1133 1969 1198 36.
2014 1131 2184 1198 Nam
2232 1135 2287 1198 si

249 1222 438 1288 uerbi
483 1224 695 1309 gratia
730 1222 869 1287 iure
904 1222 1076 1287 facto
1120 1225 1510 1287 testamento
1547 1221 1730 1287 heres
1776 1221 2117 1286 institutus
2156 1243 2287 1287 ore-

248 1311 423 1376 uerit
467 1311 919 1396 hereditatem,
983 1311 1096 1376 sed
1148 1311 1467 1377 bonorum
1531 1312 2001 1396 possessionem
2066 1333 2286 1376 seeun-

251 1400 408 1466 dum
455 1402 708 1466 tabulas
755 1401 1125 1466 testamenti
1175 1405 1393 1485 petere
1437 1401 1746 1484 noluerit,
1803 1405 2143 1465 contentus
2192 1424 2287 1485 e0,

250 1490 427 1574 quod
470 1492 609 1558 iure
655 1490 835 1556 ciuili
878 1491 1065 1555 heres
1112 1491 1222 1574 sit,
1279 1490 1488 1556 nihilo
1543 1491 1759 1555 minus
1806 1491 1881 1576 ii,
1937 1491 2048 1575 qui
2101 1489 2284 1556 nullo

247 1581 424 1645 facto
470 1583 858 1645 testamento
907 1580 988 1643 ad
1032 1580 1324 1645 intestati
1383 1581 1553 1645 bona
1605 1585 1949 1665 uocantur,
2011 1584 2286 1665 possunt

248 1673 467 1754 petere
511 1670 832 1734 bonorum
877 1672 1379 1755 possessionem3
1425 1670 1537 1733 sed
1567 1670 1704 1733 sine
1731 1692 1801 1734 re
1830 1670 1912 1734 ad
1941 1691 2049 1734 eos
2080 1669 2286 1755 [here-

121 1797 131 1807 ·
250 1757 486 1843 ditas]¹
533 1760 840 1843 pertinet,
887 1779 1035 1823 oum
1089 1762 1476 1823 testamento
1533 1758 1813 1844 scriptus
1867 1759 2053 1824 heres
2109 1759 2285 1823 euin-

248 1868 391 1912 cere
454 1847 878 1913 hereditatem
939 1848 1165 1932 possit.
1258 1848 1351 1913 37.
1397 1845 1573 1912 Idem
1619 1848 1780 1913 iuris
1836 1851 1961 1932 est,
2021 1848 2077 1912 si
2123 1848 2283 1912 inte-

247 1940 421 2002 stato
469 1937 687 2022 aliquo
743 1941 1001 2003 mortuo
1058 1959 1211 2001 suus
1267 1937 1452 2002 heres
1506 1936 1779 2002 noluerit
1833 1941 2051 2022 petere
2106 1938 2284 2005 bono-

243 2048 392 2092 rum
453 2027 959 2112 possessionem,
1022 2030 1360 2092 contentus
1421 2026 1694 2110 leyitimo
1739 2029 1892 2092 ime.
1983 2025 2171 2092 παπαῖ*
2219 2030 2283 2091 et

246 2119 488 2201 agnato
536 2116 844 2200 competit
901 2116 1159 2200 quidem
1203 2115 1521 2181 bonorum
1575 2118 1895 2201 possessio
1904 2167 1921 2199 ,
1981 2117 2090 2180 sed
2146 2117 2282 2182 sine

243 2227 345 2289 re,
407 2205 558 2290 quia
623 2205 832 2270 euinei
893 2204 1215 2270 hereditas
1282 2204 1355 2270 a³
1418 2227 1534 2270 suo
1598 2206 1831 2270 herede
1893 2209 2124 2291 potest.
2218 2210 2284 2270 et

244 2294 412 2359 illud
458 2295 907 2360 conuenienter
962 2292 1262 2360 dieetur‘:
1321 2294 1377 2359 si
1423 2293 1504 2359 ad
1550 2299 1856 2380 agnatum
1912 2296 2047 2359 iure
2103 2296 2281 2361 ciuili

242 2384 528 2468 pertinet
573 2383 896 2449 hereditas
935 2387 1000 2448 et
1036 2385 1092 2448 is
1140 2384 1369 2448 adierit
1413 2383 1855 2467 hereditatem,
1902 2381 2048 2449 sed⁶
2083 2384 2280 2450 bono-

243 2496 392 2539 rum
440 2475 913 2559 possessionem
960 2477 1177 2557 petere
1223 2472 1524 2559 noluerit,
1571 2476 1636 2538 et
1674 2473 1729 2537 si
1768 2474 1913 2557 quis
1952 2497 2031 2538 ex
2066 2475 2279 2558 proxi-

243 2564 371 2627 mis
421 2560 752 2649 cognatis⁶
795 2563 1085 2647 petierit,
1146 2562 1283 2627 sine
1327 2584 1398 2626 re
1453 2562 1718 2628 habebit
1771 2562 2089 2627 bonorum
2134 2585 2278 2649 pos·

245 2653 601 2718 sessionem
647 2657 911 2737 propter
959 2652 1222 2717 eandem
1277 2652 1611 2716 rationem.
1704 2651 1796 2717 38.
1846 2650 2012 2716 Sunt
2058 2657 2123 2717 et
2167 2652 2280 2718 alii

243 2742 510 2827 quidam
559 2740 800 2806 similes
840 2763 1041 2823 casus,
1090 2763 1367 2825 quorum
1404 2741 1655 2825 aliquos
1696 2742 1704 2825 Ι
1746 2741 2074 2825 superiore
2113 2763 2279 2807 oom-
2318 2756 2419 2805 135

240 2831 562 2896 mentario
606 2829 1046 2895 tradidimuS.⁷

389 3079 443 3148 1)
478 3085 542 3132 ut
576 3079 838 3149 ylossema
883 3078 983 3133 del.
1023 3078 1317 3133 Pozenaar.
1535 3080 1588 3147 2)
1626 3094 1757 3131 nam
1792 3079 1973 3147 suppl.
2012 3079 2225 3133 Hollwe
2264 3118 2277 3131 .

241 3152 295 3219 3)
336 3166 411 3221 ap
447 3148 514 3204 V.
661 3152 716 3220 4)
753 3149 1150 3205 conuenienter
1185 3149 1407 3203 dicetur
1438 3149 1721 3204 Goesehen.
1779 3149 2183 3203 conuenientur
2207 3096 2275 3205 ὅ.

240 3222 296 3290 5)
336 3220 436 3275 sed
475 3220 523 3274 si
560 3221 627 3275 V.
774 3224 828 3291 6)
866 3224 1140 3290 cognatus
1176 3220 1243 3275 V.
1394 3224 1446 3290 7)
1481 3222 1726 3290 sequitur
1763 3221 1910 3276 linea
1944 3238 2141 3276 vacua.

386 3423 450 3484 §g
499 3422 728 3472 35-37,
793 3419 863 3486 cf.
916 3418 1036 3486 τηρ.
1093 3423 1179 3484 28,
1218 3422 1302 3471 13.
1362 3422 1446 3484 23,
1477 3422 1525 3471 6.
1584 3423 1669 3485 26,
1699 3422 1748 3472 8.
1822 3434 1997 3487 amora
2052 3423 2273 3487 2‚148;

241 3494 416 3626 1⁵¹⁸}
456 3565 541 3615 38.
599 3580 721 3632 sup.
761 3561 983 3632 comm]
1023 3566 1072 3628 2,
1104 3565 1234 3626 1193
1275 3564 1405 3628 148;
1446 3564 1566 3614 149.

348 3661 559 3702 Ivmsra.
587 3671 750 3703 Ait-rm.
779 3672 856 3701 nn.
887 3661 1358 3703 Seokel-Kubler.
1392 3662 1429 3701 Ι.
1884 3657 1950 3707 18
