2650 3917
868 188 993 243 GAJ
1027 188 1285 244 INSTIT.
1321 189 1400 243 ΙΙΙ
1440 195 1666 244 96-98.
2159 189 2288 254 291

255 350 347 417 96.
390 350 556 416 Item
601 373 730 417 uno
786 352 1090 436 loquente
1146 358 1203 417 et
1254 356 1391 418 sine
1445 354 1924 435 interroyatione
1977 353 2097 418 alii
2142 373 2295 435 pro-

254 443 527 506 mittente
581 442 967 506 contrahitur
1037 441 1353 523 obliqatim
1418 444 1478 508 si
1548 442 1799 508 libertas
1859 449 2130 526 patrono
2185 448 2296 507 aut

254 531 489 596 dowam
536 536 648 595 aut
692 551 923 596 munus
967 536 1080 596 aut
1121 552 1344 614 operas
1376 552 1441 597 se
1486 533 1783 598 datm-am
1828 553 1954 598 esse
1996 533 2244 597 iwrauit
2255 530 2294 610 ¹,

253 621 365 685 etsi
420 618 582 685 haee
629 618 800 686 sola²
847 642 1040 685 eausa
1095 619 1243 703 est³,
1291 643 1371 685 ex
1418 644 1545 706 qua
1591 621 1999 686 iureiurando
2047 625 2297 686 contra-

254 708 434 773 hitur
490 709 820 796 obligatio.
912 732 1063 774 sane
1109 733 1189 774 ex
1234 711 1364 775 alia
1406 709 1587 775 nulla
1639 734 1829 776 eausa
1883 710 2292 775 iureiurando
2334 769 2435 818 154

252 797 549 863 homines
590 798 598 882 Ι
650 798 1049 885 obligantur,
1120 800 1347 884 utique
1413 822 1557 864 eum
1622 800 1950 884 quaeritur
2013 800 2090 864 de
2155 800 2293 864 iure
2329 839 2371 890 f,-
2403 856 2444 891 s.

254 887 712 954 Romanorum.
802 910 952 953 nam
999 888 1171 973 apud
1216 890 1591 974 peregrinos
1629 890 1783 973 quid
1822 890 1980 953 iuris
2018 891 2122 971 sit,
2168 890 2293 953 sin-

255 977 553 1062 gularum
621 977 984 1042 ciuitatium
1040 979 1181 1043 iura
1235 979 1636 1062 requirentes
1692 979 1867 1043 aliud
1921 980 2295 1064 intellegere

225 1064 618 1150 'poterimus
883 1065 935 1131 .4

390 1155 483 1220 97.
533 1154 602 1219 Si
648 1156 742 1236 id,
808 1156 982 1241 quod
1028 1157 1166 1222 dari
1230 1158 1643 1242 stipulamur,
1707 1157 1838 1223 tale
1885 1158 1987 1242 sit,
2033 1161 2109 1222 ut
2155 1156 2294 1221 dari

253 1266 387 1309 non
433 1246 668 1329 possit,
712 1246 963 1311 inutilis
1011 1249 1108 1312 est
1155 1246 1521 1331 stipulatio,
1567 1247 1749 1311 uelut
1793 1247 1850 1311 si
1898 1247 2043 1330 quis
2091 1246 2292 1310 homi—

253 1356 405 1398 nem
450 1334 759 1415 liberum,
816 1357 1002 1420 quem
1055 1357 1310 1400 seruum
1374 1358 1513 1401 esse
1559 1336 1884 1421 credebat,
1948 1339 2061 1400 aut
2126 1356 2290 1399 mor·

253 1428 473 1507 tuum,
519 1446 709 1507 quem
755 1425 982 1488 uiuum
1030 1446 1168 1489 esse
1224 1425 1548 1510 credebat,
1605 1431 1717 1491 aut
1769 1428 1983 1490 locum
2041 1447 2293 1492 sacrum

255 1513 363 1578 uel
408 1513 805 1599 religiosum,
851 1536 1038 1598 quem
1085 1511 1396 1598 putabat⁵
1439 1514 1707 1580 humani
1754 1516 1912 1580 iuris
1955 1537 2108 1596 esse,
2156 1514 2292 1579 dari

252 1603 599 1684 stipulatum.
691 1603 811 1669 97⁰.
858 1604 1021 1669 Item
1056 1606 1115 1668 si
1151 1604 1291 1685 qais
1325 1625 1475 1682 rem,
1513 1626 1672 1686 qaae
1705 1607 1778 1669 in
1811 1625 2022 1670 reram
2059 1610 2293 1669 natwra

253 1712 381 1758 esse
415 1713 544 1757 non
567 1698 784 1774 potest,
823 1694 988 1758 uelut
1027 1694 1581 1776 homocentawrum
1593 1692 1635 1779 ⁶,
1681 1694 2046 1779 stipuletur,
2092 1715 2293 1777 aeque

253 1780 507 1845 inutilis
569 1785 666 1846 est
725 1782 1079 1866 stipulatio.
1172 1781 1265 1847 98.
1311 1779 1477 1846 Item
1527 1784 1584 1847 si
1642 1784 1787 1868 quis
1849 1784 1968 1847 sub
2018 1805 2091 1846 ea
2149 1797 2313 1847 eon-⁴

254 1870 508 1936 dicione
555 1872 927 1955 stipuletur,
976 1893 1137 1956 quae
1186 1872 1460 1936 existere
1507 1894 1639 1937 non
1686 1877 1930 1957 potest,
1986 1873 2168 1936 uelut
2215 1872 2295 1937 tsi

254 1959 464 2046 digito
531 1960 777 2025 eaelum
840 1960 1173 2047 tetigerit',
1235 1960 1489 2026 inutilis
1556 1966 1655 2026 est
1720 1961 2074 2046 stipulatio
2180 1961 2292 2025 sed

251 2051 542 2135 legatum
602 2049 722 2114 sub
798 2049 1162 2134 inpossibih'
1235 2049 1647 2115 condicione⁷
1719 2051 2011 2115 relietum
2085 2050 2293 2116 nostri

252 2142 701 2223 praeceptores
747 2140 1016 2224 proinde
1074 2140 1292 2204 deberi
1345 2143 1607 2223 putant,
1660 2161 1735 2206 ac
1782 2142 1835 2205 si
1882 2142 2019 2204 sine
2077 2139 2292 2205 eondi-

403 2334 454 2401 1)
493 2332 836 2387 et—iurauit
868 2334 1050 2403 suppl.
1088 2350 1155 2387 ex
1191 2335 1443 2401 epitoma.
1569 2336 1621 2403 2)
1658 2334 1853 2405 solo(?)
1891 2333 1958 2386 V.
2071 2335 2123 2393 3)
2163 2351 2188 2387 s
2225 2333 2291 2387 V.

182 2423 189 2440 .
252 2406 309 2473 4)
348 2405 579 2471 fortasse
615 2405 862 2473 sequitur
896 2407 961 2459 in
996 2404 1070 2458 V:
1109 2405 1170 2458 in
1207 2404 1335 2457 aliis
1372 2404 1579 2458 ualere.
1635 2406 1830 2461 deinde
1864 2407 2109 2474 sequitm·
2147 2407 2296 2460 linea

250 2493 458 2531 uacua.
641 2477 695 2544 5)
732 2475 1039 2544 putabatat
1073 2476 1140 2529 V.
1316 2477 1368 2545 6)
1409 2476 2292 2546 stipuletur—hippocentaurum

251 2549 436 2616 suppl.
475 2548 806 2602 Lachmann
841 2565 908 2603 ex
943 2549 1084 2603 lust.
1124 2554 1172 2614 3,
1206 2552 1289 2614 19,
1322 2553 1371 2601 1.
1520 2551 1571 2618 7)
1612 2548 2006 2603 coeondieione
2042 2548 2109 2602 V.

403 2730 433 2790 ἓ
475 2730 557 2779 96.
617 2726 687 2792 cf.
731 2725 844 2781 Gai
879 2726 1005 2795 epit.
1047 2732 1095 2792 2,
1128 2732 1176 2793 9,
1207 2730 1256 2780 4.
1332 2743 1505 2795 supra
1545 2734 1592 2794 3,
1624 2733 1710 2781 83.
1785 2729 1949 2782 Paul.
1992 2733 2041 2793 2,
2074 2733 2158 2781 32.
2214 2727 2291 2780 D.

253 2803 343 2863 88,
377 2803 424 2864 1,
457 2802 485 2849 7
515 2797 669 2866 (τηρ.
693 2799 868 2866 2702).
911 2803 995 2864 38,
1028 2804 1075 2864 1,
1105 2803 1137 2851 8
1177 2798 1391 2867 (Pomp.
1414 2800 1555 2867 528).
1594 2803 1679 2865 40,
1716 2805 1796 2866 12,
1826 2804 1895 2852 44
1906 2817 1998 2868 pr.
2029 2797 2191 2867 (Ven.
2224 2801 2293 2867 3).

252 2874 344 2935 46,
375 2872 424 2934 4,
457 2873 522 2921 13
533 2886 625 2936 pr.
665 2869 821 2938 (Ulp.
861 2871 1038 2938 2980).
1099 2869 1207 2924 cic.
1247 2870 1322 2923 ad
1360 2870 1476 2924 Att.
1520 2876 1565 2936 7,
1598 2876 1646 2937 2,
1676 2876 1725 2924 8.

401 2945 431 3006 s
473 2944 555 2992 97.
617 2941 687 3006 cf.
739 2940 853 2994 Gai
905 2942 1032 3009 epit.
1073 2946 1121 3007 2,
1153 2945 1201 3006 9,
1233 2946 1282 2993 5.
1355 2941 1407 2994 Ι.
1447 2948 1496 3007 3,
1530 2947 1702 3008 19,1;
1744 2948 1791 2996 2.
1867 2943 1944 2997 D.
1983 2946 2069 3009 44,
2102 2948 2150 3009 7,
2183 2949 2231 3009 1,
2263 2948 2294 2996 9

254 3011 413 3082 (Gai.
453 3012 596 3080 498).
655 3016 740 3079 45,
774 3018 821 3078 1,
854 3017 955 3065 103
995 3013 1175 3080 (Mod.
1218 3013 1359 3082 115).

402 3088 432 3147 ἓ
472 3088 579 3136 97⁸.
636 3083 706 3149 cf.
748 3084 794 3136 I.
835 3089 884 3149 3,
917 3088 1000 3149 19,
1033 3090 1078 3137 1.
1147 3084 1222 3137 D.
1262 3089 1348 3150 45,
1381 3089 1428 3151 1,
1459 3089 1525 3137 97
1540 3102 1631 3153 pr.
1670 3085 1827 3154 (Cels.
1867 3086 2007 3154 222).
2073 3084 2294 3139 Lueret.

255 3161 309 3221 5,
340 3160 443 3208 878
462 3172 538 3223 sq.
600 3154 708 3210 oie.
746 3155 812 3209 de
847 3161 962 3209 nat.
1002 3155 1145 3210 deor.
1178 3161 1226 3221 2,
1258 3161 1307 3222 2,
1339 3161 1389 3208 5.
1441 3155 1596 3210 Ovid.
1626 3156 1785 3211 Trist.
1818 3161 1868 3223 4,
1901 3162 1947 3223 7,
1980 3161 2064 3210 15.
2112 3156 2294 3212 Seme.

252 3244 338 3296 ep.
378 3231 579 3293 58,15.
646 3226 796 3280 Ptin.
836 3243 890 3279 n.
920 3227 971 3278 h.
1016 3232 1063 3293 7,
1095 3231 1179 3279 35.
1234 3227 1375 3281 Isia.
1413 3228 1550 3298 oriq.
1592 3234 1639 3293 1,
1671 3234 1755 3295 39,
1786 3234 1834 3282 5.
1879 3234 1959 3295 11,
1993 3234 2041 3294 3,
2073 3233 2166 3294 3⁷3
2208 3233 2292 3283 39.

403 3303 432 3362 ξ
473 3302 556 3351 98.
613 3297 683 3364 cf.
727 3297 842 3351 Gai
876 3298 1004 3366 epit.
1044 3304 1092 3364 2,
1125 3303 1172 3364 9,
1204 3302 1252 3351 6.
1311 3298 1478 3351 Paul.
1520 3305 1568 3366 3,
1598 3299 1677 3366 41’,
1710 3305 1757 3352 1.
1814 3301 1864 3353 I.
1896 3305 1944 3365 3,
1977 3305 2060 3367 19,
2094 3305 2177 3353 11.
2215 3300 2293 3354 D.

256 3373 344 3436 44,
378 3373 425 3435 7,
458 3375 505 3436 1,
538 3374 600 3421 11
642 3368 793 3438 (Ga-i.
835 3372 976 3435 498).
1035 3373 1120 3435 45,
1154 3374 1200 3435 1,
1234 3375 1354 3435 137,
1387 3375 1416 3422 6
1456 3371 1615 3440 (Ven.
1650 3373 1755 3441 53).
1804 3376 1890 3437 44,
1924 3376 1970 3438 7,
2002 3377 2067 3425 31
2112 3372 2293 3441 (Mae-

253 3441 404 3495 ciam.
446 3445 550 3509 16).
607 3445 693 3507 45,
725 3446 773 3506 1,
807 3446 835 3493 7
884 3440 1038 3508 (Ulp.
1080 3442 1256 3509 2474).
1334 3440 1436 3495 sed
1471 3441 1724 3511 legatum
1762 3444 1880 3513 eta]
1928 3444 1997 3510 cf.
2037 3444 2086 3496 I.
2127 3449 2175 3510 2,
2209 3449 2293 3511 14,

259 3517 361 3639 1ιοῦ.Ζ
401 3512 478 3565 D.
518 3517 603 3577 28,
634 3517 683 3578 5,
713 3517 780 3564 46
801 3515 911 3581 (45)
951 3513 1090 3581 (Alf.
1131 3516 1237 3580 34).
1304 3517 1390 3580 33,
1421 3519 1470 3581 4,
1504 3520 1568 3568 12
1618 3514 1823 3585 (Scaev.
1863 3517 2006 3583 264).
2064 3520 2149 3582 35,
2182 3521 2230 3583 1,
2261 3521 2291 3569 3

1865 3676 1975 3730 19*
