2650 3917
619 166 718 220 AD
758 166 883 221 GAI
916 165 1099 220 INST.
1139 164 1595 221 CONSPECTVS
1633 165 1907 219 RERVM.
2151 165 2281 229 401

528 330 593 400 β)
631 328 730 398 qui
764 331 1105 383 testamenta
1142 327 1329 382 facere
1366 329 1603 396 possunt
1656 369 1666 380 .
1745 369 1755 379 .
1833 368 1845 380 .
1921 332 1970 394 2,
2004 331 2283 380 112-113

528 411 590 479 y)
626 412 968 463 testamenta
988 409 1293 463 seeundum
1322 408 1578 477 regulam
1606 408 1741 461 iuris
1772 406 1846 460 oi-

627 480 755 535 vilis
792 480 1054 535 facienda
1121 521 1845 535 .........
1923 484 1972 545 2,
2006 485 2106 532 114

630 562 730 631 ya)
770 560 841 615 ab
878 561 1044 615 initio
1082 578 1195 615 non
1232 560 1352 614 iure
1389 560 1533 614 flunt

841 633 1045 687 herede
1090 649 1203 686 non
1250 631 1509 685 sollemni
1556 632 1722 686 modo
1760 631 1846 684 in-

772 704 971 758 stituto
1030 744 1846 758 ..........
1923 709 1971 770 2,
2004 707 2283 757 115—117

841 793 967 830 oum
987 774 1249 829 mulieres
1262 775 1382 828 sine
1393 774 1596 829 tutoris
1607 774 1846 829 auotori-

749 850 867 901 tate
904 848 1186 907 testantur
1211 887 1847 900 ........
1923 850 2286 912 2,118-·122

841 936 941 972 suo
977 919 1185 973 herede
1221 917 1529 987 praeterito
1566 960 1575 970 .
1656 961 1665 971 .
1922 924 1973 984 2,
2003 922 2283 971 123-129

621 1000 727 1069 yb)
762 1003 1105 1054 testamenta
1148 999 1268 1052 iure
1321 997 1475 1051 faeta
1515 1001 1853 1067 rumpuntur

842 1070 1183 1140 adgnatione
1220 1069 1469 1139 postumi
1568 1112 1578 1123 .
1658 1112 1668 1122 .
1745 1113 1756 1124 .
1836 1112 1845 1121 .
1922 1074 2286 1136 2,130-137

840 1142 1003 1211 quasi
1042 1142 1384 1211 adgnatione
1478 1182 1846 1195 .....
1922 1147 1972 1207 2,
2005 1145 2284 1195 138-143

839 1213 1146 1283 posteriore
1183 1215 1522 1267 testamento
1568 1256 1578 1267 .
1656 1256 1668 1268 .
1745 1255 1756 1266 .
1834 1253 1847 1266 .
1922 1217 1972 1279 2,
2006 1217 2107 1266 144

630 1306 668 1356 y
681 1288 729 1355 o)
767 1287 1108 1339 testamenta
1144 1284 1306 1338 irrita
1343 1284 1488 1339 fiunt
1525 1284 1727 1353 capitis

840 1356 1225 1411 deminutione
1259 1355 1668 1410 testatoris..
1746 1398 1758 1410 .
1835 1397 1847 1408 .
1924 1362 1973 1422 2,
2006 1361 2285 1409 145-146

622 1437 728 1508 γᾶ)
765 1441 990 1507 praetor
1018 1437 1117 1491 dat
1140 1437 1414 1491 bonorum
1442 1436 1849 1518 possessionem

841 1509 1147 1563 seeundum
1165 1508 1392 1562 tabulas
1421 1506 1749 1562 testamenti
1777 1506 1847 1560 ab

768 1580 931 1634 initio
986 1597 1098 1634 non
1154 1579 1274 1633 iure
1319 1579 1461 1634 facti
1506 1578 1594 1633 vel
1648 1581 1848 1648 postea

766 1652 920 1721 rupti
957 1651 1045 1705 vel
1082 1651 1231 1705 irriti
1268 1650 1407 1704 faeti
1476 1693 1843 1704 .....
1921 1657 1971 1718 2,
2005 1655 2284 1704 147—150

842 1723 911 1777 ab
931 1722 1220 1789 intestam,
1236 1723 1286 1777 si
1303 1724 1704 1776 testamentum
1720 1739 1851 1775 oon-

768 1795 946 1848 traria
981 1794 1271 1848 voluntate
1307 1794 1651 1847 infirmatum
1688 1795 1774 1847 est
1839 1837 1850 1849 .
1926 1800 1977 1861 2,
2004 1798 2287 1859 1513151a

530 1877 594 1945 δ’)
630 1874 864 1929 heredes
903 1878 1003 1928 aut
1038 1874 1342 1928 necessarii
1388 1878 1486 1928 aut
1534 1873 1620 1927 sui
1660 1876 1716 1927 et
1753 1889 1845 1927 ne-

628 1946 857 2001 cessarii
896 1950 992 2000 aut
1031 1946 1281 1999 extranei
1385 1986 1843 2000 ......
1921 1950 1970 2011 2,
2003 1950 2103 1997 152

698 2018 1042 2072 necessarius
1080 2018 1240 2072 heres
1296 2059 1841 2071 .......
1920 2021 1969 2083 2,
2001 2020 2283 2069 153—155

699 2090 785 2143 sui
828 2094 885 2144 et
930 2090 1232 2143 necessarii
1269 2089 1520 2142 heredes.
1594 2088 1681 2141 ius
1720 2088 1845 2141 abs-

630 2162 850 2215 tinendi
935 2202 1841 2216 ...........
1919 2165 1968 2225 2,
2001 2163 2283 2212 156—160

700 2234 951 2288 extranei
1015 2233 1265 2287 heredes.
1342 2232 1428 2285 ius
1493 2230 1847 2285 deliberandi

628 2306 686 2358 et
722 2305 896 2359 cretio
938 2344 1844 2358 ...........
1920 2308 1970 2369 2,
2003 2306 2284 2355 161-173

538 2384 594 2453 ε)
632 2384 701 2437 de
740 2384 1256 2439 substitutionibus:

698 2455 917 2526 vulgari
1028 2497 1845 2510 ..........
1923 2460 1971 2521 2,
2003 2458 2285 2507 174-178

697 2527 968 2597 pupillari
1026 2568 1844 2583 ..........
1920 2532 1969 2592 2,
2003 2530 2284 2579 179—184

544 2608 595 2677 ζ)
633 2607 702 2660 de
742 2608 913 2662 servis
949 2608 1252 2663 heredibus
1291 2608 1654 2663 instituendis
1745 2649 1754 2659 .
1833 2648 1844 2660 .
1921 2612 1970 2673 2,
2004 2610 2286 2659 185-190

529 2688 594 2756 η)
633 2687 703 2741 de
739 2687 943 2812 legatis
1030 2729 1844 2743 ..........
1922 2693 1972 2753 2,
2005 2692 2102 2740 191

628 2779 662 2828 η
675 2762 728 2828 a)
765 2758 1079 2831 legatorum
1119 2764 1385 2828 quattuor
1421 2776 1755 2830 genera..
1834 2800 1844 2811 .
1922 2765 1971 2826 2,
2003 2764 2103 2812 192

830 2848 933 2902 per
968 2832 1408 2886 vindicationem
1477 2872 1843 2885 .....
1921 2836 1970 2896 2,
2004 2834 2284 2883 193-200

832 2921 934 2973 per
970 2904 1389 2957 damnationem
1474 2943 1843 2957 .....
1920 2908 1968 2969 2,
2000 2906 2284 2955 201--208

834 2975 1054 3029 sinendi
1093 2976 1259 3029 modo
1291 3015 1843 3028 .......
1920 2979 1968 3040 2,
2000 2977 2283 3026 209-216

832 3063 934 3115 per
968 3045 1425 3116 praeceptionem
1474 3086 1842 3099 .....
1919 3051 1968 3112 2,
2000 3049 2282 3097 216-223

627 3125 730 3196 nb)
783 3127 853 3180 de
899 3127 1067 3180 modo
1123 3127 1454 3196 legatorum.
1529 3126 1620 3179 lex
1659 3125 1845 3193 Furia,

760 3198 1026 3265 Voconia,
1064 3198 1318 3252 Falcidia
1383 3238 1840 3251 ......
1916 3203 1966 3264 2,
1997 3201 2283 3250 224-228

636 3279 732 3347 nc)
771 3279 840 3332 de
877 3278 1157 3332 inutiliter
1190 3277 1406 3332 relictis
1444 3277 1688 3360 legatis:-
1766 3348 1777 3359 ·

829 3349 1353 3490 3203225232132332
1369 3349 1843 3490 ¹351²1⁸313⁰f332¹1213
1918 3354 1969 3488 ἓξ
1999 3352 2285 3474 {33:33ss

832 3494 902 3547 de
939 3492 1144 3563 legatis
1193 3493 1423 3547 incertis
1470 3493 1723 3563 personis
1761 3509 1844 3546 re·

757 3564 910 3619 lictis
939 3605 1842 3620 ...........
1918 3569 1966 3630 2,
1999 3569 2283 3619 238-243

353 3665 566 3704 Ivnrsrn.
595 3673 755 3704 Axe-rm.
783 3676 859 3705 BD.
890 3665 1361 3707 Seckel-Kflbler.
1389 3668 1427 3706 Ι.
1894 3660 1961 3708 26
