2650 3917
617 152 917 207 VLPIANT
951 123 1296 208 REGVIjAE
1334 149 1539 206 XXVII
1576 150 1911 205 2-xxvm
1949 156 1998 205 6.
2030 103 2034 106 .
2197 151 2325 215 487

296 316 354 382 3.
403 314 474 380 Si
523 319 607 381 sit
652 320 967 402 patronus
1014 319 1080 381 et
1125 314 1392 380 alterius
1437 316 1696 401 patroni
1742 314 1968 397 filius,
1993 314 2073 378 ad
2120 313 2325 379 solum

296 410 642 492 patronum
659 408 704 475 1,
723 406 1045 470 hereditas
1109 405 1407 488 pertinet.
1505 404 1557 468 3.
1622 402 1787 469 Item
1841 405 2100 487 patroni
2157 404 2330 468 filius

298 497 559 581 patroni
611 494 959 580 nepotibus
1017 495 1246 559 obstat.
1348 493 1406 559 4.
1462 494 1562 557 Ad
1614 494 1854 563 liberos
1909 499 2330 577 patronorum

297 584 619 653 hereditas
675 585 960 649 defuncti
1015 583 1321 669 pertinet,
1377 583 1471 647 ita
1523 580 1635 647 ut²
1678 583 1746 647 in
1802 585 2039 667 capita,
2084 605 2219 646 non
2263 582 2333 646 in

299 674 533 758 stirpes
593 673 934 738 diuidatur.

435 762 488 828 5.
528 761 884 848 Legitimae
921 762 1298 826 hereditatis
1337 763 1458 844 ine,
1487 761 1660 845 quod
1698 783 1776 825 ex
1813 760 1959 847 lege
1997 760 2332 825 duodecim

300 851 666 917 tabularum
715 851 1058 934 descendit,
1105 851 1337 935 capitis
1383 849 1743 915 minutione
1789 850 2126 915 amittitur.

623 1026 891 1099 [XXVm.
921 1025 1020 1080 DE
1057 1024 1656 1081 POSSESSIONIBVS
1697 1024 2013 1096 DANDIS.]

435 1120 482 1185 1.
522 1118 853 1185 Bonorum
882 1117 1204 1203 possessio
1237 1117 1426 1182 datur
1453 1121 1565 1182 aut
1594 1122 1815 1183 contra
1850 1117 2105 1181 tabulas
2144 1120 2335 1181 testa-

301 1209 504 1274 menti
550 1212 662 1272 aut
709 1205 1096 1273 secundum³
1133 1206 1388 1272 tabulas
1434 1205 1582 1271 aar*
1616 1207 1923 1271 intestati.

435 1298 491 1364 2.
542 1296 781 1363 Contra
826 1298 1079 1367 tabulas
1135 1298 1455 1362 bonorum
1511 1297 1833 1381 possessio
1882 1295 2070 1359 datur
2113 1294 2335 1359 liberis

301 1389 721 1472 emancipatis
768 1391 1153 1451 testamento
1201 1386 1586 1470 praeteritis,
1630 1386 1783 1450 licet
1827 1385 2120 1471 legitimo
2167 1380 2337 1448 iwre⁶

301 1499 434 1541 non
506 1477 588 1540 ad
659 1498 767 1540 eos
842 1476 1164 1559 pertineat
1234 1475 1573 1539 hereditas.
1683 1475 1736 1539 3.
1796 1474 2126 1540 Bonorum
2193 1494 2337 1557 pos-

302 1567 502 1631 sessio
570 1569 794 1630 contra
856 1563 1112 1628 tabulas
1183 1564 1408 1629 liberis
1482 1568 1615 1628 tam
1678 1563 2080 1629 naturalibus
2144 1584 2336 1646 quam

303 1654 628 1738 adoptiuis
686 1653 899 1737 datur3
956 1652 1067 1718 sed
1121 1652 1526 1717 naturalibus
1582 1653 1841 1736 quidem
1901 1651 2339 1736 emancipatis,

302 1766 433 1809 non
481 1747 698 1808 tamen
745 1747 810 1808 et
852 1742 1004 1824 illis,
1043 1743 1154 1825 qui
1191 1744 1261 1806 in
1297 1742 1604 1826 adoptiua
1640 1741 1886 1806 familia
1922 1745 2098 1824 sunt3
2146 1740 2340 1824 adop-

305 1832 460 1897 tiuis
515 1837 729 1897 autem
783 1831 886 1896 his
941 1834 1222 1913 tantum,
1284 1832 1398 1914 qui
1451 1832 1522 1895 in
1574 1834 1893 1914 potestate
1948 1833 2338 1894 manserunt.

304 1922 363 1987 4.
411 1921 852 2005 Emancipatis
906 1920 1128 1985 liberis
1186 1941 1264 1984 ex
1319 1920 1531 1984 edicto
1589 1920 1778 1983 datur
1833 1919 2150 1983 bonorum
2198 1938 2340 2003 pos-

306 2012 506 2076 sessio
517 2062 534 2094 ,
596 2011 651 2075 si
712 2010 920 2096 parati
978 2007 1165 2074 sunt⁶
1212 2030 1437 2074 canere
1484 2005 1828 2072 fratribus⁷
1884 2008 2045 2089 suiS,
2098 2010 2219 2091 -qui
2275 2007 2341 2070 in

305 2104 624 2184 potestate
672 2103 1062 2176 manserunt,
1107 2099 1297 2183 bona,
1346 2120 1509 2183 quae
1555 2099 1868 2163 moriente
1914 2101 2097 2180 patre
2128 2094 2342 2161 'habu-

306 2194 513 2272 erunt,
561 2211 629 2253 se
677 2190 1063 2253 conlaturos
1370 2246 1374 2251 .

441 2278 495 2344 5.
562 2277 928 2343 Secundum
1010 2277 1261 2342 tabulas
1346 2278 1662 2342 bonorum
1746 2276 2069 2360 possessio
2155 2274 2344 2339 datur

306 2369 564 2452 scriptis
611 2368 980 2450 heredibus,
1028 2366 1276 2432 scilicet
1313 2368 1369 2430 si
1414 2388 1653 2450 eorum,
1701 2365 1936 2449 quibus
1984 2368 2208 2430 contra
2248 2368 2341 2428 ta-

306 2457 491 2523 bulas
531 2458 857 2541 competit,
894 2478 1083 2521 nemo
1122 2458 1208 2521 sit
1235 2460 1348 2520 aut
1374 2459 1591 2540 petere
1618 2451 1887 2519 nolint.⁸
1960 2453 2013 2518 6.
2052 2450 2555 2540 Etiamlsi202aoe

452 2670 503 2728 1)
540 2669 766 2737 patrum
815 2668 875 2722 V.
1013 2670 1065 2736 2)
1104 2667 1188 2719 ita
1224 2668 1289 2720 ut
1330 2666 1696 2736 Canneyieter.
1735 2667 1835 2719 aut
1880 2665 1942 2719 V.
2057 2667 2109 2734 3)
2147 2680 2341 2719 secun-

309 2740 446 2792 dum
484 2739 815 2794 Blwntschli.
882 2739 1151 2792 aduersus
1200 2738 1270 2803 V3
1326 2738 1398 2804 cf.
1436 2755 1610 2808 supra
1654 2742 1738 2803 20,
1770 2741 1853 2789 14.
2071 2738 2124 2805 4)
2161 2737 2340 2804 suppl.

311 2812 589 2867 Guiacius.
735 2812 789 2880 5)
825 2811 1005 2879 suppl.
1044 2810 1390 2864 Lachmann.
1548 2811 1600 2932 δί
1640 2808 1754 2861 sint
1793 2810 1911 2862 Hu.
2068 2810 2118 2876 7)
2156 2806 2342 2860 fratri-

308 2883 414 2937 bus
474 2882 751 2937 Ouiaeiua
820 2881 1078 2951 patribus
1125 2881 1187 2935 V.
1409 2884 1461 2950 8)
1500 2896 1574 2933 no
1600 2880 1686 2933 int
1748 2880 1941 2956 Pilius.
2016 2878 2235 2933 nollent
2282 2879 2342 2933 V.

307 2953 555 3007 uoluerit
592 2952 730 3030 Ha„

452 3119 518 3181 §g
556 3120 605 3168 2.
637 3121 686 3169 3.
724 3116 793 3182 cf.
828 3115 955 3169 Gai.
987 3119 1036 3184 3,
1067 3120 1151 3169 60.
1210 3116 1375 3170 Paul.
1416 3120 1468 3182 3,
1497 3120 1546 3183 2,
1579 3121 1624 3169 1.
1665 3115 1715 3168 Ι.
1746 3118 1795 3182 3,
1827 3120 1875 3177 7,
1906 3119 1936 3167 3
1974 3115 2013 3167 i.
2041 3114 2082 3180 f.
2143 3114 2218 3167 D.
2258 3117 2345 3180 38,

311 3193 375 3325 21,
391 3191 478 3313 23,
511 3192 537 3240 1
580 3187 710 3252 (Iul.
741 3189 882 3254 414).
925 3218 989 3226 -
1029 3192 1059 3253 s
1099 3192 1149 3240 4.
1187 3188 1256 3255 cf.
1295 3187 1426 3242 Gai.
1466 3192 1516 3252 3,
1547 3192 1630 3241 61.
1671 3187 1836 3241 Paul.
1868 3190 1917 3252 3,
1949 3191 1998 3251 2,
2029 3191 2077 3238 3.
2119 3216 2184 3225 -
2224 3189 2254 3250 ς
2294 3189 2344 3239 5.

310 3277 379 3313 c.
468 3260 543 3314 ai.
585 3263 634 3323 3,
666 3264 762 3323 273
791 3265 877 3313 51.

454 3328 839 3383 Tit.XXV[[1.
898 3335 928 3396 s
970 3336 1015 3384 1.
1055 3330 1126 3396 cf.
1156 3331 1232 3384 1).
1263 3334 1348 3397 37,
1381 3335 1430 3397 1,
1461 3334 1510 3395 6,
1545 3336 1571 3382 1
1606 3330 1792 3398 (Paul.
1832 3331 1973 3396 575).
2013 3330 2063 3382 1.
2103 3332 2154 3395 3,
2184 3332 2214 3380 9
2225 3344 2344 3397 pm

309 3406 340 3466 ξ
374 3407 420 3455 1.
451 3432 519 3441 -
548 3405 578 3466 5
619 3405 667 3454 3.
708 3403 775 3468 cf.
815 3403 864 3455 I.
907 3407 956 3470 2,
987 3408 1072 3468 13,
1101 3407 1150 3455 4.
1185 3433 1250 3441 -—
1280 3405 1310 3466 ὅ
1352 3406 1399 3454 4.
1439 3400 1510 3467 cf.
1552 3401 1683 3456 Coa.
1717 3405 1800 3459 16.
1832 3405 1881 3467 7,
1911 3406 1942 3452 2
1982 3400 2136 3469 (Ulp.
2170 3402 2344 3467 1927).

311 3474 477 3527 Paul.
517 3479 568 3540 5,
597 3477 647 3539 9,
676 3478 726 3528 4.
774 3504 842 3514 —
889 3479 917 3538 ς
959 3480 1007 3527 5.
1066 3474 1135 3540 cf.
1175 3473 1250 3526 D.
1290 3477 1378 3540 37,
1410 3477 1494 3541 11,
1523 3478 1660 3541 21m
1699 3472 1854 3543 (Uzp.
1897 3475 2072 3538 1146).
2113 3502 2178 3512 -
2225 3476 2257 3537 g
2296 3476 2345 3524 5».

310 3545 380 3611 cf.
425 3543 552 3598 Gai.
593 3550 643 3611 2,
675 3550 793 3598 119.
849 3561 1021 3615 supra
1063 3550 1148 3611 23,
1178 3549 1226 3597 6.
2137 3591 2143 3598 .
