2650 3917
209 601 310 650 100

209 2565 308 2613 101

348 157 477 221 238
944 155 1070 210 GAI
1102 155 1359 209 INSTIT.
1396 156 1448 210 11
1485 161 1782 211 181—182.

345 321 548 404 filius,
604 320 992 384 substitutus
1046 318 1286 404 patris1
1332 320 1409 383 fit
1463 319 1674 397 heres,·
1728 322 1787 385 si
1838 341 1984 385 uero
2045 320 2231 384 heres
2280 342 2378 385 ex-

347 410 551 474 titerit
597 410 771 473 filius
810 414 873 473 et
910 414 1055 473 ante
1102 409 1511 492 pubertatem
1560 410 1919 494 decesserit,
1968 410 2092 493 ipsi
2129 409 2270 474 filio
2309 410 2379 474 fit

346 500 531 564 heres
592 499 999 564 substitutus,
1095 520 1287 582 quam
1349 498 1430 562 ob
1480 520 1613 562 rem
1662 498 1787 563 duo
1851 499 2128 583 quodam
2186 499 2377 563 modo

349 593 500 653 sunt
545 592 946 670 testamenta,
987 584 996 676 Ι
1037 587 1212 652 aliud
1256 588 1488 671 patris,
1534 588 1709 651 aliud
1753 588 1903 672 filii,
1947 593 2280 672 tamquam
2327 589 2379 653 si

347 679 486 762 ipse
541 678 713 742 filius
771 678 896 741 sibi
950 677 1248 741 heredem
1304 676 1713 756 instituisset3
1781 681 1894 741 aut
1948 681 2116 741 certe
2180 699 2381 741 unum

349 772 447 831 est
507 771 955 831 testamentum
1022 767 1291 830 duarum
1357 766 1804 831 hereditatum.
1916 767 2032 831 181.
2084 765 2381 831 Ceterum

349 879 429 921 ne
467 861 617 940 post
663 856 911 922 obitum
957 856 1242 940 parentis
1291 854 1578 939 periculo
1626 854 2006 920 insidiarum
2055 855 2383 920 subiectus

347 943 711 1010 uideretur2
755 945 1061 1030 pupillus,
1108 946 1176 1008 in
1220 967 1343 1008 usu
1392 947 1489 1009 est
1535 944 1868 1030 uulgarem
1926 945 2187 1029 quidem
2236 946 2381 1010 sub-

350 1036 753 1100 stitutionem
800 1035 1011 1119 palam
1056 1035 1284 1118 facere,
1331 1033 1399 1098 id
1436 1037 1535 1097 est
1572 1056 1647 1098 eo
1685 1034 1847 1117 loco,
1886 1056 2012 1118 quo
2059 1035 2383 1119 pupillum

348 1124 643 1190 heredem
681 1126 1109 1207 instituimus;
1135 1145 1289 1189 nam
1324 1123 1616 1206 uulgaris
1656 1123 2034 1189 substitutio
2072 1125 2165 1188 ita
2192 1127 2386 1189 uocat

350 1214 431 1277 ad
475 1214 896 1278 hereditatem
943 1214 1393 1297 substitutum,
1442 1213 1498 1278 si
1544 1214 1807 1277 omnino
1865 1213 2152 1297 pupillus
2199 1214 2385 1278 heres

348 1324 482 1366 non
526 1303 840 1387 extiterit3
889 1303 1062 1386 quod
1100 1301 1348 1385 accidit,
1387 1324 1533 1368 cum
1570 1302 1725 1366 uiuo
1778 1307 2043 1386 parente
2090 1303 2385 1386 moritur,

352 1414 479 1476 quo
532 1414 683 1456 casu
738 1354 988 1457 nuilum
1045 1392 1381 1456 substituti
1436 1391 1821 1457 maleficium
1881 1391 2191 1475 suspicari
2239 1413 2386 1476 pos-

351 1504 599 1562 sumuS,
665 1503 812 1547 cum
879 1480 1164 1546 scilicet³
1208 1482 1364 1545 uiuo
1428 1484 1737 1546 testatore
1802 1482 2043 1565 omnia,
2108 1503 2271 1565 quae
2318 1481 2383 1544 in

350 1533 737 1635 testambnto
786 1572 1028 1654 scripta
1073 1572 1222 1653 sint,
1267 1570 1673 1656 ignorentur:
1719 1568 1937 1633 illam⁴=
1982 1575 2196 1635 autem
2237 1571 2385 1636 sub-

351 1660 775 1742 stitutionem,
812 1682 928 1743 per
965 1682 1175 1743 quam,
1213 1658 1505 1723 etiamsi⁶
1540 1659 1724 1723 heres
1764 1661 2053 1724 extiterit
2090 1660 2384 1745 pupillus

351 1754 415 1812 et
460 1750 631 1813 intra
687 1748 1091 1833 pubertatem
1148 1748 1520 1832 decesserit,
1577 1749 2000 1813 substitutum
2056 1771 2388 1832 uocamuS,

351 1840 694 1922 separatim
743 1839 812 1901 in
867 1836 1280 1902 inferioribus
1339 1838 1576 1903 tabulis
1625 1837 1964 1902 scribimus
2011 1860 2246 1922 easque
2293 1844 2386 1903 ta-

349 1927 535 1992 bulas
583 1930 845 2011 proprio
893 1927 1026 1991 lino
1074 1928 1465 2011 propriaque
1513 1949 1655 1991 cera
1702 1927 2158 2013 consignamus
2205 1932 2272 1992 et
2319 1928 2385 1993 in

348 2017 672 2102 prioribus
719 2016 955 2080 tabulis
1012 2036 1340 2099 canemus,
1395 2039 1475 2082 ne
1531 2017 1867 2081 inferiores
1925 2016 2183 2082 tabulae
2228 2018 2386 2082 uiuo

351 2107 486 2171 filio
545 2111 608 2170 et
663 2106 872 2170 adhuc
926 2105 1237 2189 inpubere
1296 2108 1680 2190 aperiantur.
1773 2106 1883 2170 sed
1937 2106 2131 2192 longe
2184 2108 2386 2171 tutius

350 2200 448 2260 est
510 2200 854 2279 utrumque
919 2216 1120 2280 genus
1196 2195 1675 2260 substitutionis
1751 2197 2092 2279 separatim
2159 2196 2227 2259 in
2292 2196 2386 2260 in-

349 2284 695 2349 ferioribus
740 2284 982 2348 tabulis
1030 2284 1425 2369 consignari,
1489 2286 1640 2368 quia
1696 2286 1751 2348 si
1797 2282 1925 2348 ita⁶
1970 2285 2387 2371 consignatae

350 2374 457 2438 uel
503 2377 831 2458 separatae
895 2373 1134 2438 fuerint
1199 2373 1717 2456 substitutione-9,
1782 2378 1855 2437 ut
1912 2374 2222 2458 diximus,
2269 2373 2386 2438 ex⁷

350 2465 565 2548 priore
627 2467 845 2547 potest
908 2462 1200 2549 intellegi
1256 2464 1325 2527 in
1391 2461 1629 2527 altera⁸
1695 2484 1953 2547 quoque
2016 2465 2184 2528 idem
2248 2486 2386 2528 esse

350 2554 758 2617 substitutus
800 2549 808 2640 Ι
850 2552 976 2617 182.
1022 2550 1177 2618 Non
1231 2552 1441 2618 solum
1498 2550 1750 2617 aute-111⁹
1804 2553 2145 2617 heredibus
2201 2553 2385 2617 insti-

495 2749 547 2815 1)
585 2746 737 2815 patri
774 2748 914 2801 Inst.
1062 2748 1115 2816 2)
1151 2746 1417 2800 uideatur
1449 2746 1734 2801 Goeschen.
1881 2748 1934 2815 3)
1974 2745 2192 2799 scilicet
2229 2749 2288 2799 et
2315 2746 2381 2801 V.

348 2820 402 2886 4)
441 2821 502 2871 at
537 2816 639 2871 illa
677 2817 742 2872 V.
899 2820 952 2886 5)
990 2817 1039 2870 si
1077 2817 1250 2871 etiam
1288 2816 1356 2870 V.
1522 2821 1575 2887 6)
1613 2817 1749 2887 quia
1786 2816 1836 2871 si
1872 2816 1979 2889 ita]
2017 2816 2278 2886 quaesita
2315 2818 2382 2873 V.

351 2891 402 2959 7)
442 2891 500 2943 et
534 2889 601 2942 V.
748 2892 802 2958 8)
840 2889 1019 2943 altera
1056 2889 1201 2942 alter
1236 2888 1303 2942 V.
1452 2892 1504 2958 9)
1543 2893 1643 2943 aut
1679 2890 1746 2943 V.

348 3053 435 3105 est
471 3053 875 3105 testamentum
911 3050 1030 3121 etc]
1070 3051 1139 3116 cf.
1169 3051 1245 3102 D.
1285 3054 1372 3116 42,
1404 3055 1452 3115 5,
1483 3054 1551 3102 28
1589 3051 1728 3119 (Iav.
1762 3053 1866 3118 75).
1924 3056 2011 3117 29,
2041 3054 2090 3117 3,
2122 3055 2185 3102 11
2227 3050 2381 3119 (Gai.

348 3125 491 3191 463).
558 3127 644 3187 35,
674 3128 723 3187 2,
756 3128 840 3188 11,
871 3129 901 3175 5
958 3124 1021 3175 in
1065 3122 1162 3188 fin.
1218 3121 1385 3189 (Pap.
1426 3123 1565 3189 353).
1641 3127 1726 3189 28,
1757 3127 1807 3188 6,
1837 3127 1886 3185 2,
1917 3127 1949 3174 4
2006 3122 2163 3190 (Ulp.
2202 3125 2380 3190 2469).

349 3199 433 3258 28,
465 3200 515 3260 6,
546 3198 612 3247 20
632 3211 723 3261 pr.
782 3194 933 3263 (Uzp.
975 3195 1152 3261 2547).
1222 3198 1305 3260 18,
1336 3198 1387 3259 4,
1418 3198 1527 3260 2,2
1585 3194 1738 3262 (Ulp.
1790 3196 1967 3262 2962).
2035 3199 2119 3258 28,
2152 3198 2380 3259 6,38,3

373 3266 537 3320 Paul.
581 3268 754 3333 1895).

351 3269 370 3334 (
490 3341 520 3401 8
563 3341 680 3390 181.
738 3339 808 3404 ef.
841 3336 957 3390 Gai
990 3338 1114 3404 epit.
1156 3341 1205 3399 2,
1227 3341 1278 3403 4,
1300 3341 1349 3388 2.
1406 3337 1455 3388 1.
1496 3341 1661 3403 2,16,
1686 3340 1718 3388 3
1749 3353 1873 3390 cum
1908 3337 2138 3405 Theoph.
2171 3338 2253 3405 (p.
2278 3340 2381 3389 188

347 3408 546 3475 Ferr.).
601 3409 677 3461 D.
718 3413 803 3475 29,
834 3412 884 3474 3,
913 3411 944 3460 8
984 3408 1136 3476 (Ulp.
1178 3408 1355 3474 1224).

491 3482 522 3542 ς
562 3483 680 3531 182.
722 3504 788 3523 =
817 3480 867 3531 Ι.
902 3483 954 3544 2,
984 3483 1068 3544 16,
1098 3483 1147 3530 4.
1205 3480 1272 3545 cf.
1315 3478 1437 3546 Uzp.
1469 3482 1553 3545 23,
1584 3483 1633 3531 8.
1689 3479 1765 3532 D.
1797 3483 1883 3546 28,
1914 3484 1963 3545 6,
1994 3485 2024 3532 6
2056 3480 2241 3548 (olem.
2273 3480 2379 3547 11).

351 3553 436 3615 28,
467 3554 517 3616 6,
548 3554 632 3617 10,
662 3554 790 3618 48q.
829 3549 984 3619 (τηρ.
1025 3552 1203 3618 2456).
1260 3553 1345 3618 28,
1378 3553 1426 3615 6,
1459 3554 1505 3615 1,
1537 3556 1567 3602 2
1606 3551 1786 3618 (Mod.
1828 3552 1969 3619 100).
