2650 3917
840 190 965 244 GAI
999 190 1252 246 INSTIT.
1290 192 1343 245 Π
1380 197 1679 247 274-277.
2146 192 2273 256 261

242 355 609 419 confirmati
656 355 814 438 sint3
862 359 927 419 at
963 356 1018 420 is
1033 353 1073 440 ¹,
1120 356 1233 439 qui
1278 359 1664 420 testamento
1706 354 1891 419 heres
1938 355 2279 421 institutus

243 448 371 529 est,
426 448 642 528 potest
707 443 1018 509 codicillis
1064 445 1309 530 rogari,
1373 448 1449 508 ut
1494 466 1635 509 eam
1699 443 2120 509 hereditatem
2167 445 2279 510 alii

241 537 451 598 totam
488 533 594 598 uel
633 556 711 598 ex
746 537 930 618 parte
977 534 1293 617 restituat,
1341 536 1640 618 quamuis
1686 537 1915 598 testam
1924 539 2073 599 ento
2112 535 2280 599 codi-

243 623 382 689 cilli
428 623 787 688 confirmati
832 644 966 687 non
1012 624 1157 688 sint.
1210 628 1218 703 Ι
1269 623 1408 687 274.
1451 622 1621 688 Item
1675 624 1933 707 mulier,
1987 645 2151 707 quae
2196 624 2280 688 ab
2318 641 2421 691 124

244 733 342 797 eo,
389 714 502 797 qui
547 715 805 778 centum
851 710 1067 777 milia²
1105 714 1270 777 aeris
1316 734 1545 777 census
1587 716 1706 794 est,
1740 735 1857 797 per
1900 712 2110 799 legem
2148 712 2279 778 Vo-

243 803 500 869 coniam
525 801 714 866 heres
756 801 1050 866 institui3
1084 824 1218 867 non
1255 805 1488 887 potest,
1517 806 1733 867 tamen
1778 803 2276 867 fideicommisso

240 892 537 956 relictam
591 891 718 955 sibi
781 891 1202 956 hereditatem
1268 912 1493 975 capere
1555 895 1788 976 potest.
1881 892 2013 957 275.
2060 892 2279 958 Latini

245 1001 533 1065 quoque,
601 980 716 1063 qui
776 979 1167 1046 hereditates
1231 979 1611 1067 legataque4
1656 980 1897 1046 directo
1949 983 2089 1046 iure
2133 981 2277 1068 lege

242 1068 429 1135 Iunia
503 1091 727 1155 capere
799 1071 1254 1155 prohibentur,
1327 1093 1405 1136 ex
1477 1069 1975 1137 fideicommisso
2051 1092 2277 1156 capere

241 1163 532 1244 possunt.
624 1158 756 1224 276.
801 1159 970 1225 Item
1017 1184 1162 1227 cum
1209 1164 1470 1226 senatus
1518 1159 1812 1226 consulto
1872 1159 2276 1245 prohibitum

244 1249 333 1314 sit
377 1250 713 1333 proprium
761 1270 1017 1314 seruum
1066 1251 1385 1314 minorem
1431 1247 1654 1314 annis⁵
1698 1268 1846 1314 xxx
1889 1248 2166 1314 liberum
2213 1254 2278 1314 et

240 1338 543 1403 heredem
590 1339 948 1423 instituere,
991 1339 1317 1425 plerisque
1371 1339 1584 1424 placet
1638 1361 1827 1423 posse
1879 1361 2000 1404 nos
2057 1339 2278 1404 iubere

208 1428 521 1492 ¹liberum
577 1448 734 1511 esse,
799 1451 945 1493 cum
1009 1451 1325 1493 annorum
1372 1448 1519 1493 xxx
1564 1429 1705 1512 erit,
1769 1433 1852 1493 et>
1893 1450 2140 1515 rogare,
2203 1433 2280 1494 ut

242 1522 402 1584 tunc
439 1512 538 1580 illi
572 1518 957 1583 restituatur
993 1518 1334 1584 hereditas.
1428 1518 1560 1583 277.
1605 1517 1771 1582 Item
1810 1519 2108 1601 quamuis
2145 1541 2278 1584 non

228 1605 590 1691 possimus⁶
633 1612 784 1691 post
827 1612 1104 1672 mortem
1143 1609 1298 1691 eius,
1347 1608 1459 1691 qui
1504 1607 1694 1671 nobis
1741 1606 1925 1672 heres
1972 1608 2276 1694 extiterit,

242 1696 459 1761 alium*
493 1696 563 1759 in
605 1695 823 1761 locum
860 1698 997 1763 eius
1041 1697 1345 1762 heredem
1391 1696 1746 1778 instituere,
1791 1700 2008 1761 tamen
2053 1718 2278 1781 possu-

240 1807 389 1850 mus
435 1808 584 1850 eum
628 1808 883 1873 rogare,
939 1790 1040 1869 ut,
1097 1808 1243 1850 cum
1290 1786 1629 1870 morietur,
1685 1785 1797 1849 alii
1844 1808 1983 1850 eam
2029 1784 2275 1850 heredi-

243 1878 448 1940 tatem
494 1879 700 1941 totam
736 1876 844 1941 uel
882 1898 961 1940 ex
1004 1879 1191 1961 parte
1234 1876 1563 1960 restituat3
1611 1879 1676 1940 et
1722 1875 1874 1958 quia
1918 1879 2068 1959 post
2111 1898 2276 1941 mor-

239 1969 376 2029 tem
425 1985 681 2049 quoque
725 1966 978 2031 heredis
1023 1965 1593 2030 fideicommissum
1639 1964 1780 2029 dari
1825 1968 2059 2049 potest,
2105 1965 2276 2029 idem

388 2162 440 2228 1)
478 2160 540 2212 at
574 2159 647 2229 is]
686 2160 786 2213 aut
819 2158 909 2212 his
945 2158 1011 2212 V.
1225 2161 1279 2229 2)
1316 2158 1435 2212 mil.
1474 2157 1542 2212 V.
1760 2163 1811 2227 3)
1848 2157 2009 2212 heres
2046 2157 2272 2212 institui

245 2231 534 2286 Goesehen.
597 2230 832 2284 heredes
868 2230 1121 2285 instituti
1155 2230 1222 2285 V.
1351 2232 1407 2300 4)
1442 2229 1768 2301 legataque]
1806 2228 1999 2299 legata
2034 2230 2171 2297 quia
2207 2229 2275 2284 V.

239 2305 296 2371 5)
334 2318 608 2356 annorum
643 2303 855 2356 mavult
892 2302 1142 2369 Gramer;
1177 2303 1272 2357 sed
1306 2304 1471 2358 verba
1505 2309 1729 2358 senatus
1764 2302 2001 2357 consulti
2031 2303 2278 2371 sequitur

244 2374 444 2429 Gaius,
502 2375 569 2441 cf.
618 2374 750 2427 V.I.
772 2374 844 2429 R.
882 2373 923 2440 Ι,
953 2379 1076 2441 457,
1108 2378 1191 2427 33.
1340 2375 1394 2444 6)
1431 2373 1560 2429 add.
1606 2374 1891 2430 Goeschen.

238 2518 319 2572 D.
361 2520 448 2583 36,
479 2521 527 2584 1,
558 2521 624 2569 78
646 2519 755 2586 (76)
795 2516 996 2586 (Scaev.
1039 2519 1144 2585 79).
1210 2521 1297 2584 29,
1330 2521 1476 2584 7,10
1520 2517 1682 2586 (Pap.
1723 2518 1864 2585 240).
1931 2522 2017 2584 29,
2049 2522 2098 2584 7,
2130 2521 2214 2583 13,
2246 2522 2273 2569 1

239 2589 408 2658 (Pap.
448 2589 589 2657 279).
647 2592 733 2654 28,
764 2593 814 2655 5,
845 2593 911 2641 78
932 2590 1042 2659 (77)
1081 2588 1244 2657 (Pap.
1286 2590 1429 2658 260).
1495 2593 1581 2656 28,
1615 2593 1760 2654 7,10
1798 2587 1950 2658 (Ucp.
1992 2592 2132 2656 147).
2191 2593 2277 2656 28,

243 2665 294 2727 7,
324 2664 411 2727 27,
444 2665 471 2712 1
524 2659 701 2727 (Mod.
742 2662 882 2729 312).
960 2661 1018 2715 0.
1060 2664 1110 2727 6,
1140 2664 1225 2727 35,
1254 2666 1288 2713 4
1327 2662 1401 2729 (a.
1441 2662 1581 2730 223).
1648 2666 1700 2728 6,
1729 2664 1814 2727 36,
1843 2666 1873 2713 2
1913 2663 1983 2729 (a.
2025 2661 2167 2729 244).
2226 2665 2277 2727 6,

240 2736 329 2798 23,
362 2736 429 2784 14
468 2733 540 2799 (a.
580 2732 721 2800 294).
780 2737 830 2799 6,
859 2736 944 2798 36,
977 2736 1005 2783 7
1044 2734 1117 2801 (a.
1159 2734 1300 2801 332).
1359 2737 1409 2799 6,
1438 2736 1524 2800 27,
1555 2737 1605 2800 5,
1636 2731 1716 2784 1d
1754 2733 1825 2801 (a.
1867 2732 2005 2800 531).

386 2807 417 2867 8
465 2807 586 2855 274.
661 2804 729 2870 cf.
785 2819 961 2872 supra
1015 2808 1065 2870 2,
1096 2807 1215 2856 226.
1291 2804 1456 2858 Paul.
1497 2809 1548 2870 4,
1577 2808 1628 2870 8,
1658 2808 1726 2856 20
1755 2804 1881 2874 (22).
1958 2802 2148 2872 Polyb.
2189 2808 2277 2870 32,

243 2879 329 2941 14,
359 2878 409 2927 8.
471 2874 578 2929 Oic.
608 2875 672 2929 in
699 2874 849 2929 Verr.
891 2880 940 2942 2,
972 2879 1020 2941 1,
1050 2879 1135 2942 42,
1176 2879 1276 2928 107
1297 2891 1373 2944 sq.
1431 2892 1553 2929 cwm
1580 2875 1753 2930 Schol.
1783 2875 1863 2929 ed.
1893 2875 2048 2930 Bait.
2069 2890 2132 2942 p.
2156 2879 2274 2928 189.

229 2962 343 3016 pro
380 2947 545 3001 Balb.
586 2950 636 3012 8,
667 2950 750 2999 21.
817 2946 883 2999 de
927 2952 1116 3000 senect.
1157 2952 1208 3013 ὅ,
1239 2952 1321 2999 14.
1379 2947 1445 3001 de
1492 2948 1587 3018 leq.
1627 2951 1678 3014 2,
1708 2952 1794 3014 20,
1823 2951 1891 2999 49
1911 2964 1986 3015 sq.
2053 2946 2119 2999 de
2162 2963 2275 3015 rep.

242 3022 294 3084 3,
326 3022 410 3085 10,
442 3022 527 3071 17.
574 3018 639 3071 de
656 3017 752 3084 fin.
785 3022 834 3084 2,
866 3022 950 3084 17,
980 3021 1065 3070 55.
1103 3017 1228 3072 Liv.
1258 3034 1339 3086 ep.
1380 3023 1464 3071 41.
1527 3018 1755 3088 Quintil.
1787 3019 1916 3073 decl.
1946 3023 2065 3072 264.
2123 3018 2274 3072 Ptin.

237 3106 436 3160 pamy.
475 3094 560 3142 42.
642 3089 777 3143 Gen.
809 3090 954 3158 6(7),
985 3092 1067 3153 13,
1099 3094 1148 3141 3.
1199 3093 1284 3157 17,
1314 3094 1364 3154 6,
1396 3095 1443 3142 1.
1493 3095 1577 3156 20,
1610 3095 1658 3157 1,
1688 3094 1754 3143 23
1803 3091 1996 3159 (supra
2038 3106 2101 3158 p.
2135 3090 2275 3157 101).

243 3161 359 3215 Dio
390 3160 541 3215 Cass.
581 3165 667 3228 56,
698 3164 782 3226 10,
812 3165 861 3213 2.
918 3161 1153 3229 Auyust.
1191 3161 1257 3214 de
1293 3162 1394 3215 civ.
1432 3161 1521 3215 dei
1558 3166 1608 3228 3,
1637 3166 1722 3214 21.

386 3237 416 3296 g
456 3237 578 3284 275.
635 3232 704 3298 cf.
742 3247 916 3301 supra
955 3237 1003 3298 1,
1033 3235 1101 3284 23
1120 3248 1196 3300 sq.
1254 3237 1304 3298 2,
1329 3237 1446 3285 110.
1519 3234 1641 3302 Uip.
1672 3237 1760 3301 25,
1789 3238 1836 3286 7.
1879 3238 1965 3301 22,
1994 3237 2042 3287 3.
2081 3233 2158 3286 D.
2190 3238 2277 3301 26,

242 3308 294 3371 5,
326 3308 390 3356 13
404 3320 495 3373 pr.
534 3303 700 3372 (Pap.
742 3305 882 3372 194).
941 3302 1042 3356 Fr.
1093 3304 1214 3357 Vat.
1254 3307 1355 3355 259
1396 3304 1558 3372 (Pap.
1600 3306 1741 3372 693).

385 3379 415 3440 ς
455 3378 578 3428 276.
633 3374 701 3440 cf.
739 3391 913 3443 supra
953 3379 1002 3441 1,
1034 3377 1126 3439 183
1157 3378 1242 3428 21.
1290 3374 1415 3443 Ulp.
1447 3380 1533 3442 22,
1553 3380 1601 3428 8.
1653 3377 1728 3429 D.
1760 3380 1846 3442 40,
1879 3381 1927 3443 7,
1960 3380 2043 3443 13,
2074 3380 2104 3428 5
2141 3376 2273 3445 (Iul.

242 3448 381 3516 600).
424 3450 511 3513 40,
532 3451 583 3513 4,
602 3450 670 3498 46
709 3446 921 3514 (Pomp.
942 3447 1086 3513 825).
1125 3450 1211 3513 34,
1242 3451 1291 3512 5,
1321 3450 1389 3498 29
1411 3450 1521 3516 (30)
1552 3447 1752 3516 (Scaev.
1785 3450 1891 3518 73).
1933 3453 2017 3516 10,
2047 3453 2097 3515 2,
2127 3452 2211 3514 39,
2242 3455 2272 3502 2

241 3517 446 3587 (Scaev.
487 3521 627 3587 223).
685 3523 771 3585 40,
801 3523 852 3585 4,
882 3521 949 3570 38
988 3517 1174 3586 (Paul.
1216 3521 1393 3587 1187).

385 3594 416 3655 §
457 3593 576 3643 277.
633 3590 703 3656 cf.
740 3606 915 3660 supra
953 3594 1003 3658 2,
1035 3593 1155 3642 184.
1216 3589 1330 3645 Gai
1365 3592 1490 3660 epit.
1529 3596 1579 3658 2,
1610 3596 1660 3659 7,
1689 3595 1739 3645 8.
