2650 3917
432 141 561 206 130
759 140 859 194 AD
898 139 1136 195 GAIVM
1171 138 1526 197 PRAEFAT.
1566 137 1911 194 HVSCHKH
1946 139 2060 193 ΕΙ).
2098 139 2138 193 1.

430 312 657 386 optime
703 309 776 368 de
844 308 1060 370 studiis
1104 310 1255 369 iuris
1321 307 1517 368 civilis
1580 308 1827 368 meritus
1874 311 1990 383 est,
2052 329 2160 370 nec
2223 313 2465 371 omnino

429 399 823 461 dubitandum
860 396 1010 458 Gaio
1055 398 1330 475 inprimis
1377 397 1577 457 deberi
1613 416 1752 457 eum
1796 397 2130 458 studiorum
2178 400 2463 475 ordinem,

430 507 607 564 quem
643 488 1015 556 Iustinianus
1059 486 1249 547 tradit
1291 488 1640 563 primusque
1675 504 1882 547 rursus
1919 506 2056 547 cum
2091 490 2224 565 ipso
2267 489 2463 549 edicto

428 581 721 653 perpetuo
766 576 1129 636 immutavit.
1219 577 1302 636 Et
1337 594 1480 636 sane
1526 579 1987 660 consentaneum
2024 581 2171 651 erat,
2208 579 2366 638 sicut
2399 581 2466 638 in

428 669 629 744 prima
672 669 872 726 aetate
918 666 1128 743 populi
1163 665 1422 725 Romani
1467 665 1780 725 duodecim
1824 665 2167 727 tabularum
2207 667 2467 743 libellus,

431 757 537 832 qui
583 775 717 815 cum
762 755 1078 832 pubertate
1125 755 1251 815 eius
1295 755 1633 832 prodierat,
1690 757 1937 814 exeunte
1992 755 2230 815 demum
2276 757 2469 816 libera

425 863 549 921 rep.
596 845 791 905 edicto
836 845 1132 946 praetoris
1186 848 1470 919 cesserat,
1517 845 1698 903 etiam
1744 845 1809 903 in
1862 845 2056 904 altera
2109 847 2307 905 aetate
2354 847 2467 905 im-

426 935 609 1012 perii,
673 953 827 1010 quae
892 935 1019 993 eius
1083 933 1143 991 in
1209 933 1529 1009 pubertate
1583 935 1841 992 maxime
1910 931 2025 993 Gai
2090 934 2331 1010 scriptis
2390 935 2469 996 ad

430 1022 774 1084 discendum
823 1022 1153 1099 composita
1197 1025 1329 1082 erat
1371 1022 1868 1098 iurisprudentia,
1924 1026 2176 1083 exeunte
2223 1023 2468 1084 demum

425 1112 678 1189 imperio
721 1111 1048 1172 Iustiniani
1091 1130 1281 1171 novae
1325 1112 1745 1187 compositioni
1782 1112 2001 1171 cedere.
2093 1113 2195 1186 At,
2239 1114 2470 1190 inquis,

425 1202 572 1261 haec
619 1201 820 1260 omnia
876 1202 1054 1260 certis
1103 1200 1467 1262 testimoniis
1521 1219 1641 1260 non
1696 1200 1985 1261 nituntur.
2078 1200 2306 1278 Audio,
2362 1202 2471 1264 sed

427 1293 749 1350 maximam
808 1309 880 1350 ea
941 1290 1159 1349 habere
1222 1289 1713 1366 probabilitatem
1776 1309 1896 1350 non
1959 1290 2136 1349 facile
2199 1291 2472 1370 negabit,

428 1382 533 1456 qui
568 1382 731 1455 ipsas
768 1398 882 1455 res,
919 1398 990 1438 ex
1029 1379 1243 1455 quibus
1289 1381 1645 1457 argumenta
1692 1379 1986 1455 duximus,
2031 1384 2194 1439 recto
2238 1381 2469 1442 iudicio

427 1467 824 1546 perpenderit.

559 1558 693 1618 Iam
739 1560 793 1618 si
836 1557 948 1617 hoc
994 1555 1104 1617 Gai
1161 1558 1500 1635 ingenium,
1547 1559 1601 1617 si
1653 1557 1776 1616 tale
1830 1557 2019 1617 totius
2073 1558 2235 1618 vitae
2289 1559 2469 1619 insti·

427 1650 627 1707 tutum
674 1657 831 1721 erat,
894 1650 964 1705 ut
1026 1648 1212 1706 etiam
1270 1647 1632 1706 discriminis
1696 1646 1864 1725 origo
1928 1665 2152 1722 eorum,
2219 1649 2324 1723 qui
2372 1651 2472 1709 ius

425 1736 662 1812 publice
726 1735 1152 1813 responderent
1197 1739 1259 1796 et
1312 1737 1419 1811 qui
1480 1738 1720 1795 tantum
1783 1735 2062 1795 docerent
2107 1729 2287 1817 (Gell.
2336 1738 2380 1797 1.
2421 1757 2470 1798 c.

428 1820 547 1885 ‘ius
593 1825 829 1903 publice
875 1825 1216 1885 docentium
1263 1829 1390 1887 aut
1431 1819 1958 1902 respondentium’,
2003 1825 2097 1883 Fr.
2131 1825 2272 1885 Vat.
2316 1830 2468 1889 150.

426 1914 492 1973 L.
534 1917 570 1974 6
621 1913 659 1991 ξ
702 1917 781 1975 12
832 1913 904 1973 D.
952 1914 1024 1974 de
1071 1932 1262 1974 excuS.
1304 1917 1407 1990 27,
1449 1918 1503 1974 1.
1551 1913 1616 1972 L.
1670 1918 1702 1974 1
1755 1912 1793 1989 ἓ
1835 1915 1871 1973 5
1921 1913 1992 1973 D.
2041 1914 2113 1973 de
2168 1918 2470 1978 extraord.

428 2023 594 2082 cogn.
636 2005 739 2079 50,
771 1999 881 2080 13)
932 2003 1007 2062 ab
1055 2023 1124 2064 eo
1170 2005 1551 2081 potissimum
1604 2003 1928 2080 repetenda
1973 2003 2269 2079 videatur,
2316 2006 2473 2083 quid

426 2094 647 2152 mirum
693 2095 802 2168 est,
849 2092 1011 2168 quod
1055 2113 1249 2169 neque
1294 2111 1579 2170 responsa
1615 2092 1811 2152 dando
1848 2094 1996 2152 iuris
2043 2097 2253 2153 auctor
2298 2094 2473 2155 habi-

427 2186 525 2243 tus
573 2185 665 2242 est
727 2201 919 2258 neque
964 2184 1029 2241 in
1091 2184 1491 2260 posteriorum
1554 2182 1726 2243 libris
1787 2180 2109 2242 laudatus?
2182 2181 2359 2252 Quod
2416 2184 2470 2244 is

429 2270 693 2348 quidem,
767 2273 818 2329 si
890 2273 1143 2331 mortuis
1205 2291 1300 2332 res
1371 2271 1663 2330 humanas
1728 2270 1936 2330 datum
1999 2273 2154 2332 esset
2225 2276 2470 2348 sentire,

429 2379 621 2436 aequo
671 2361 868 2419 animo
905 2363 1147 2436 poterat
1182 2361 1354 2420 ferre.
1444 2360 1603 2419 Nam
1649 2364 2035 2437 quotcunque
2069 2360 2221 2420 iuris
2259 2368 2470 2423 aucto·

425 2470 520 2510 res
565 2452 776 2526 postea
821 2451 1004 2509 etiam
1049 2450 1466 2510 Institutiones
1512 2452 1895 2526 scripserunt,
1940 2451 2110 2509 velut
2153 2449 2469 2512 Callistra-

433 2543 550 2614 tuS,
578 2539 937 2614 MarcianuS,
970 2539 1375 2614 FlorentinuS,
1402 2539 1665 2614 Paullus,
1693 2538 2006 2616 UlpianuS,
2043 2559 2217 2600 nemo
2257 2558 2470 2603 eorum

428 2629 505 2687 ad
554 2627 923 2687 Gaianarum
966 2628 1204 2687 laudem
1267 2628 1560 2704 aspiravit
1612 2630 1845 2703 locove,
1901 2647 2079 2704 quem
2123 2630 2190 2688 in
2245 2630 2470 2691 scholis

431 2717 837 2792 obtinuerunt,
884 2716 1200 2777 deturbare
1246 2735 1346 2776 eas
1392 2716 1602 2777 valuit.
1695 2716 1778 2777 At
1814 2714 1999 2776 Gaius
2044 2719 2184 2793 post
2229 2718 2469 2796 aliquot

428 2807 663 2881 saecula
723 2808 1025 2867 assecutus
1073 2809 1183 2882 est,
1235 2810 1308 2865 ut
1355 2809 1480 2866 eius
1535 2807 1702 2881 libri,
1757 2807 2018 2884 primum
2071 2807 2191 2883 illi,
2247 2811 2356 2884 qui
2401 2811 2470 2868 in

428 2895 644 2956 scholis
715 2896 1159 2970 tractabantur,
1230 2896 1542 2955 hominum
1614 2896 1818 2955 favore
1883 2898 1945 2956 et
2016 2897 2468 2972 consuetudine,

429 2985 641 3044 deinde
706 2985 889 3043 etiam
943 2985 1125 3044 ceteri
1188 3003 1390 3044 omnes
1444 2984 1578 3062 lege
1630 2985 1759 3044 lata
1823 2985 2070 3045 eandem
2114 2985 2178 3043 in
2224 2985 2467 3046 iudiciis

429 3075 853 3134 auctoritatem
900 3073 1254 3147 obtinerent,
1302 3092 1456 3149 quae
1501 3073 1837 3150 Papiniano
1850 3120 1866 3150 ,
1911 3073 2153 3150 Paullo,
2198 3073 2468 3150 Ulpiano

427 3165 549 3223 iam
597 3165 777 3222 antea
831 3162 1239 3240 competierat.
1329 3163 1489 3221 Nam
1534 3162 1998 3223 Valentinianus
2042 3162 2111 3222 L.
2152 3165 2190 3223 3
2241 3164 2348 3222 Th.
2401 3163 2467 3225 C.

429 3253 501 3312 de
545 3270 699 3327 resp.
745 3252 918 3328 prud.
966 3244 1055 3333 (1,
1085 3244 1155 3333 4)
1203 3271 1339 3311 cum
1396 3254 1485 3312 ait
1534 3272 1596 3313 se
1641 3251 1989 3328 Papiniani,
2035 3251 2264 3326 Paulli,
2323 3250 2471 3328 Gai,

428 3341 680 3418 Ulpiani
725 3344 909 3417 atque
954 3340 1277 3400 Modestini
1322 3341 1547 3418 scripta
1592 3342 1873 3403 universa
1915 3340 2179 3415 firmare,
2235 3336 2348 3401 ‘ita
2395 3345 2468 3401 ut

429 3430 647 3491 Gaium
661 3476 677 3506 ,
722 3450 875 3507 quae
921 3430 1205 3490 Paullum
1251 3433 1311 3489 et
1356 3430 1685 3508 Ulpianum
1732 3434 1793 3491 et
1846 3433 2087 3491 cunctos
2143 3433 2470 3491 comitetur

429 3521 754 3581 auctoritas
798 3520 1202 3597 lectionesque
1240 3541 1311 3581 ex
1348 3523 1510 3581 omni
1546 3521 1673 3581 eius
1710 3540 1887 3597 opere
1931 3513 2297 3597 recitentur’,
2339 3539 2465 3579 non
