2650 3917
770 181 1070 237 VLPIAM
1104 181 1449 237 REGVLAE
1487 181 1564 235 XI
1601 187 1828 237 19—24.
2179 182 2311 247 459

281 344 582 411 bentibus
638 349 888 410 tutores
944 345 1084 410 dari
1138 366 1177 407 a
1229 347 1528 428 praetore
1575 350 1638 409 et
1684 345 1927 411 maiore
1972 349 2157 429 parte
2201 344 2313 410 tri·

281 434 600 499 bunorum
663 434 899 519 plebis,
960 456 1122 518 quos
1187 437 1438 497 tutores
1503 433 1828 500 Atilianos
1897 437 2311 519 appellamus,

281 525 394 588 sed
438 524 590 608 quia
632 525 739 588 lex
781 522 986 587 Atilia
1039 523 1285 588 Romae
1338 526 1594 588 tantum
1650 524 1867 589 locum
1911 523 2125 608 habet,
2169 525 2313 611 lege

280 611 450 677 Iulia
492 617 558 677 et
594 613 767 678 Titia
811 617 1228 697 prospectum
1266 617 1382 697 est,
1419 617 1493 678 ut
1530 614 1599 677 in
1635 612 2026 697 prouinciis1
2055 635 2313 698 quoque

280 702 581 767 similiter
626 725 664 766 a
707 701 1108 787 praesidibus
1156 724 1376 766 earum
1422 703 1657 766 dentur
1689 707 1957 768 tutores.
2047 704 2133 768 19.
2178 703 2314 767 Le1

278 790 465 857 Iunia
499 789 820 856 tutorem²
855 790 995 856 fieri
1042 791 1224 855 iubet
1248 790 1520 855 Latinae
1558 791 1662 855 uel
1690 791 1907 856 Latini
1945 789 2314 876 inpuberis⁸

281 902 442 965 eum,
489 880 671 945 cuius
718 879 915 944 etiam
961 883 1111 944 ante
1157 881 1728 946 manumissionem
1774 904 1855 946 81
1899 879 2076 945 iure4
2104 879 2312 958 Quiri-

278 969 444 1033 tium
489 969 632 1035 fuit.
725 968 820 1034 20.
882 968 986 1033 Ex
1029 970 1174 1055 lege
1220 967 1389 1032 Iulia
1436 972 1513 1035 de
1559 963 1936 1035 maritandis
1975 970 2311 1036 ordinibus

280 1062 457 1125 tutor
491 1058 681 1123 datur
716 1080 754 1121 a
788 1061 1084 1143 praetore
1112 1055 1330 1123 urbis5
1350 1059 1410 1122 ei
1446 1058 1704 1124 mulieri
1741 1059 2081 1145 uirginiue‚
2119 1082 2312 1143 quam

277 1170 357 1212 ex
409 1147 533 1212 hac
586 1148 730 1233 ipsa
782 1147 927 1234 lege
981 1147 1223 1213 nubere
1280 1152 1555 1232 oportet,
1610 1149 1691 1212 ad
1747 1149 1962 1213 dotem
2019 1148 2311 1226 dandam,

277 1237 611 1303 dicendam
666 1237 1252 1321 promittendamue
1262 1288 1280 1320 ,
1342 1239 1398 1302 si
1455 1237 1821 1324 legitimum
1867 1240 2153 1303 tutorem
2198 1260 2312 1322 pu-

274 1327 507 1411 pillum
551 1326 801 1392 habeat.
893 1327 1004 1391 sed
1049 1330 1275 1411 postea
1334 1330 1594 1390 senatus
1650 1327 1924 1410 censuit,
1984 1331 2059 1391 ut
2114 1328 2308 1392 etiam

278 1416 347 1480 in
391 1415 786 1500 prouinciisl
812 1437 1071 1500 quoque
1118 1414 1418 1480 similiter
1454 1439 1493 1481 a
1527 1416 1928 1501 praesidibus
1976 1438 2192 1481 earum
2230 1439 2309 1480 ex

277 1506 498 1571 eadem
569 1527 762 1569 causa
836 1508 1084 1570 tutores
1163 1505 1411 1570 dentur.
1539 1505 1626 1571 21.
1700 1504 2038 1571 Praeterea
2111 1507 2306 1571 etiam

276 1594 346 1658 in
415 1596 633 1660 locum
706 1593 874 1657 muti
945 1593 1260 1659 furiosiue
1347 1594 1585 1658 tutoris
1674 1597 1950 1659 alterum
2025 1594 2305 1660 dandum
2325 1594 2525 1665 195a5

277 1703 414 1748 esse
478 1686 761 1747 tutorem
827 1682 907 1745 ad
971 1682 1191 1747 dotem
1257 1682 1772 1748 constituendam
1844 1688 2103 1748 senatus
2170 1707 2311 1749 cen-

277 1772 424 1835 suit.
572 1771 669 1836 22.
759 1769 925 1835 Item
996 1793 1075 1835 ex
1139 1775 1400 1836 senatus
1484 1774 1778 1837 consulto
1860 1776 2039 1838 tutor
2122 1774 2311 1837 datur

275 1860 530 1925 mulieri
577 1860 656 1944 ei,
702 1860 885 1925 cuius
932 1863 1113 1924 tutor
1159 1860 1360 1943 abest,
1398 1865 1848 1945 praeterquam
1896 1863 1951 1925 si
1998 1867 2306 1946 patronus

277 1950 390 2032 sit,
445 1949 559 2033 qui
613 1949 821 2015 abest:
876 1971 1027 2015 nam
1080 1950 1150 2015 in
1204 1949 1421 2015 locum
1477 1951 1733 2033 patroni
1781 1950 2064 2015 absentis
2111 1949 2310 2016 alter‘³

274 2039 409 2123 peti
472 2060 608 2103 non
687 2041 906 2123 potest
975 2039 1104 2103 nisi
1168 2039 1250 2103 ad
1317 2037 1735 2104 hereditatem
1813 2040 2168 2104 adeundam
2244 2045 2310 2105 et
2412 2057 2415 2060 ·

275 2127 535 2213 nuptias
598 2127 1083 2193 contrahendas,
1194 2129 1494 2212 idemque
1557 2128 1853 2213 permisit
1914 2131 1986 2193 in
2057 2128 2307 2212 pupillo

271 2217 532 2303 patroni
576 2217 732 2282 filio.
827 2216 920 2282 23.
987 2215 1130 2282 Hoc
1184 2217 1464 2302 amplius
1512 2223 1771 2282 senatus
1819 2219 2086 2300 censuit,
2132 2222 2207 2283 ut
2253 2220 2309 2284 si

271 2310 453 2371 tutor
504 2306 741 2392 pupilli
793 2307 1161 2391 pupiliaeue
1218 2311 1553 2391 suspectus
1609 2330 1648 2371 a
1700 2305 1906 2372 tutela
1969 2307 2307 2372 submotus
2415 2375 2420 2382 ,

272 2396 469 2461 fuerit
523 2396 630 2462 uel
685 2395 878 2462 etiam
933 2397 1106 2460 iusta
1160 2397 1237 2461 de
1292 2417 1485 2460 causa
1538 2401 1907 2480 excusatus,
1961 2398 2030 2461 in
2093 2395 2309 2461 locum

274 2487 413 2550 eius
459 2489 640 2550 tutor
685 2485 852 2550 alius
899 2483 1122 2551 ἀθέων]

409 2609 507 2675 24.
554 2610 846 2676 Moribus
883 2615 1063 2675 tutor
1100 2611 1291 2674 datur
1327 2610 1585 2675 mulieri
1622 2610 1973 2694 pupilioue,
2012 2609 2124 2694 qui
2162 2631 2307 2675 cum

273 2703 490 2764 tutore
551 2721 669 2764 suo
728 2699 871 2785 lege
931 2703 1044 2764 aut
1100 2699 1395 2784 legitimo
1456 2700 1696 2764 iudicio
1753 2721 1942 2785 agere
2004 2699 2177 2783 uult,
2234 2704 2311 2765 ut

274 2793 536 2854 auctore
583 2810 658 2854 eo
706 2792 858 2875 agat
905 2786 1074 2875 (ipse
1121 2791 1291 2854 enim
1340 2792 1519 2853 tutor
1565 2789 1635 2853 in
1681 2809 1816 2852 rem
1856 2811 2036 2853 suam
2084 2792 2309 2852 auctor

418 3019 471 3085 1)
507 3017 817 3087 prouinciis
857 3018 1195 3074 Charondae.
1251 3017 1549 3087 prouincia
1598 3019 1659 3073 V.
1805 3021 1859 3087 2)
1900 3020 2090 3072 tutore
2136 3019 2198 3071 V.

273 3089 329 3157 8)
366 3088 555 3142 Latini
592 3089 883 3158 inpuberis
913 3091 1258 3145 Lachmann.
1310 3090 1531 3144 Latinis
1567 3088 1628 3143 in
1668 3089 1938 3145 uberibus
1969 3090 2029 3144 V.
2147 3093 2202 3158 4)
2242 3107 2309 3144 ex

271 3159 397 3214 iure
459 3161 649 3215 Pilius.
718 3161 816 3229 qui
870 3161 958 3215 ius
1010 3162 1068 3215 V.
1252 3164 1305 3229 5)
1343 3161 1562 3216 urbano
1648 3162 1891 3232 chillinq.
2075 3162 2128 3230 6)
2166 3161 2310 3216 alter

270 3234 510 3288 correxit
542 3233 606 3285 in
642 3231 810 3287 aliter
857 3235 917 3288 V.
1066 3236 1118 3302 ’1)
1155 3235 1337 3302 suppl.
1382 3234 1577 3289 Titius.

417 3433 448 3494 8
489 3434 573 3484 19.
630 3429 700 3496 cf.
743 3429 871 3484 Gai.
913 3435 1113 3497 1‚167.
1181 3462 1247 3470 —
1314 3436 1345 3497 8
1386 3435 1470 3485 20.
1518 3431 1588 3498 cf.
1633 3431 1759 3486 Gai.
1810 3436 2019 3498 1‚178;
2063 3436 2181 3486 188.
2241 3463 2305 3473 -

273 3504 306 3565 g
346 3505 430 3553 21.
469 3501 537 3568 cf.
581 3501 709 3556 Gai.
749 3508 799 3569 1,
831 3506 949 3556 188.
989 3534 1055 3542 -
1112 3507 1143 3568 g
1183 3507 1267 3556 22.
1305 3503 1378 3569 ef.
1421 3502 1549 3558 Gai.
1591 3508 1638 3572 1,
1673 3508 1969 3558 173—177.
2027 3535 2095 3544 -
2152 3509 2182 3570 ς
2221 3508 2305 3558 28.

272 3573 346 3638 of.
379 3571 493 3626 Gai
530 3578 579 3636 1,
612 3578 729 3628 182.
770 3604 838 3615 -
874 3579 905 3640 s
946 3579 1030 3627 24.
1068 3574 1138 3641 ef.
1174 3574 1300 3631 Gai.
1343 3581 1389 3640 1,
1424 3579 1542 3629 184.
