2650 3917
232 2031 301 2081 28

337 142 466 207 168
938 141 1065 196 GM
1098 140 1357 195 INSTIT.
1394 140 1423 195 1
1460 123 1755 196 mss—108.

337 310 459 370 est:
531 326 705 370 nunc
768 327 845 369 ex
911 303 1188 390 epistula
1256 304 1486 408 optimi
1559 304 1966 389 imperatoris
2028 303 2370 389 Antonini,

339 417 532 479 quam
579 394 838 479 scripsit
898 394 1345 479 pontificibus,
1408 393 1465 459 si
1518 394 1687 459 iusta
1743 414 1933 458 causa
1997 393 2369 478 adoptionis

337 506 474 549 esse
501 483 853 565 uidebitur,
872 505 1018 547 cum
1047 483 1433 568 quibusdam
1470 482 1955 549 condicionibus
1982 481 2366 566 permissum

338 578 450 638 est.
544 572 714 657 apud
759 576 1123 658 praetorem
1168 594 1325 637 uero
1374 576 1440 637 et
1483 572 1550 637 in
1602 571 1957 656 prouinciis
2004 571 2175 655 apud
2220 593 2369 656 pro-

338 662 666 728 consulem
702 663 1073 748 legatumne
1109 661 1568 745 cuiuscumque
1605 661 1833 726 aetatis
1878 661 2184 746 adoptare
2221 681 2368 745 pos·

338 774 575 817 sumus.
666 750 791 816 103.
819 749 1026 815 Illud1
1063 772 1217 816 uero
1260 750 1598 834 utriusque
1626 750 1991 835 adoptionis
2028 772 2371 816 commune

337 847 452 924 est,
483 838 691 924 quod²
729 845 793 904 et
827 840 915 924 hi,
944 839 1056 923 qui
1101 861 1406 926 generare
1440 861 1575 904 non
1617 844 1908 924 possunt,
1955 840 2176 924 quales
2215 843 2373 904 sunt

338 930 671 1015 spadones,
716 929 1023 1014 adoptare
1068 934 1360 1013 possunt.
1451 929 1579 994 104.
1627 927 1928 993 Feminae
1971 951 2128 994 uero
2183 928 2371 995 nullo

335 1019 525 1101 modo
565 1018 873 1102 adoptare
910 1022 1200 1103 possunt,
1239 1019 1391 1101 quja
1427 1040 1509 1082 ne
1547 1018 1803 1101 quidem
1849 1018 2173 1083 naturales
2210 1018 2371 1082 libe-

334 1130 443 1173 ros
491 1109 561 1173 in
604 1110 928 1191 potestate
971 1107 1231 1172 habent.
1322 1107 1449 1172 105.
1497 1105 1662 1171 Item
1690 1104 1785 1172 si⁸
1812 1108 1957 1190 quis
2002 1129 2120 1191 per
2163 1129 2371 1191 popu·

333 1198 471 1262 lum
519 1198 656 1262 siue
704 1196 872 1282 apud
917 1200 1279 1281 praetorem
1326 1198 1436 1261 uel
1481 1195 1651 1280 apud
1695 1196 2052 1280 praesidem
2107 1197 2370 1280 prouin-

338 1287 473 1352 ciae
537 1286 967 1370 adoptauerit,
1031 1290 1249 1369 potest
1312 1285 1583 1351 eundem
1646 1286 1757 1351 alii
1823 1285 1891 1350 in
1955 1286 2371 1370 adoptionem

337 1376 501 1439 dare.
593 1375 720 1440 106.
770 1373 895 1439 Sed
922 1382 978 1440 et
1012 1375 1191 1455 illud,
1230 1376 1307 1440 de
1347 1373 1501 1456 quo⁴¹
1538 1375 1829 1459 quaestio
1868 1379 1984 1457 est,
2031 1397 2114 1439 an
2158 1376 2374 1440 minor

335 1469 497 1529 natu
542 1464 848 1529 maiorem
885 1468 1044 1529 natu
1089 1464 1398 1548 adoptare
1433 1465 1661 1549 possit,
1695 1464 2033 1547 utriusque
2079 1463 2372 1548 adoptio·-

336 1556 437 1618 nis
477 1575 813 1620 commune
842 1557 956 1617 est.
1046 1553 1173 1619 107.
1210 1552 1382 1618 Illud
1418 1553 1757 1638 proprium
1784 1557 1883 1617 est
1913 1554 2049 1618 eius
2081 1553 2371 1636 adoptio·

336 1643 464 1726 nis,
537 1665 700 1727 quae
763 1664 879 1727 per
940 1642 1252 1728 populum
1317 1643 1421 1725 fit,
1477 1642 1651 1726 quod
1695 1641 1779 1724 is,
1836 1642 1948 1727 qui
1991 1642 2235 1707 liberos
2301 1643 2373 1707 in

336 1735 656 1816 potestate
700 1733 916 1815 habet,
961 1732 1017 1796 si
1063 1753 1131 1796 se
1177 1731 1618 1817 adrogandum
1667 1732 1932 1815 dederit,
1977 1751 2111 1796 non
2157 1730 2372 1797 solum

336 1822 475 1905 ipse
529 1821 839 1905 potestati
902 1820 1302 1908 adrogatoris
1360 1820 1701 1904 subicitur,
1764 1820 1875 1884 sed
1930 1820 2123 1886 etiam
2176 1820 2372 1886 liberi

338 1912 474 1974 eius
519 1910 588 1974 in
635 1910 919 1975 eiusdem
967 1911 1136 1974 fiunt
1180 1914 1501 1995 potestate
1547 1914 1856 1994 tanquam
1901 1913 2188 1994 nepotes.
2230 1911 2238 1992 Ι

473 2000 599 2066 108.
649 1997 873 2065 ⁵Nunc
899 2000 977 2066 de
999 2000 1101 2066 his
1133 2001 1426 2083 personis
1467 2000 1815 2078 uideamus,
1861 2020 2021 2081 quae
2056 2000 2127 2064 in
2153 2007 2375 2065 'manu

340 2096 557 2156 nostra
599 2096 761 2155 sunt.
852 2090 1018 2171 quod
1061 2093 1127 2154 et
1170 2090 1387 2173 ipsum
1432 2089 1534 2153 ius
1578 2088 1915 2173 proprium
1965 2088 2205 2153 ciuium
2243 2086 2374 2154 Ro-

484 2285 535 2351 1)
572 2282 660 2336 illi
694 2283 762 2336 V.
945 2286 998 2352 2)
1035 2283 1188 2352 quod
1242 2283 1377 2353 Diy.
1434 2288 1486 2337 et
1541 2284 1679 2337 Inst.
1735 2281 1872 2350 quia
1908 2282 1974 2336 V.
2158 2284 2212 2352 3)
2249 2282 2377 2337 siue

341 2356 633 2409 Pelenawr.
781 2357 836 2424 4)
875 2357 933 2409 et
969 2354 1113 2408 illud
1159 2355 1230 2409 de
1276 2370 1386 2421 quo
1420 2354 1717 2409 Pelenaar.
1767 2353 1872 2407 illa
1906 2354 1973 2407 V.
2141 2355 2194 2423 5)
2231 2354 2378 2409 duos

341 2442 521 2480 versus
574 2427 828 2481 rubricae
881 2443 1054 2482 causa
1107 2441 1309 2480 vacuos
1362 2426 1644 2494 reliquisse
1695 2425 1964 2480 librarius
2016 2426 2250 2493 videtur,
2305 2442 2380 2481 ex

338 2497 537 2566 quibus
571 2515 748 2552 unum
787 2497 1004 2553 Goesch.
1044 2499 1289 2567 explevit.

483 2681 513 2740 8
554 2680 672 2729 103.
723 2702 786 2721 ==
821 2677 894 2730 D.
928 2682 978 2742 1,
1013 2682 1061 2743 7,
1091 2682 1140 2743 2,
1172 2681 1218 2728 1.
1294 2677 1343 2729 Ι.
1387 2681 1435 2742 1,
1467 2681 1550 2743 11,
1582 2679 1629 2729 8.
1705 2676 1773 2742 cf.
1827 2674 1942 2729 Gai
1992 2677 2120 2744 epit.
2159 2681 2209 2741 1,
2239 2680 2289 2739 5,
2321 2679 2372 2730 8.

352 2748 470 2817 Ulp.
502 2753 551 2814 8,
582 2752 630 2800 6.
678 2748 754 2802 D.
786 2753 871 2812 28,
902 2753 951 2815 2,
981 2752 1013 2801 8
1031 2764 1124 2817 pr.
1164 2746 1317 2816 (Ulp.
1349 2749 1525 2816 2445).
1570 2754 1617 2814 1,
1649 2752 1697 2812 7,
1725 2751 1813 2812 40,
1843 2752 1875 2800 2
1912 2747 2090 2816 (Mod.
2121 2749 2190 2815 2).
2259 2747 2373 2803 cic.

331 2834 441 2888 pro
477 2819 635 2874 domo
674 2824 756 2887 13,
788 2823 871 2872 34.

484 2896 514 2955 ς
555 2894 672 2944 104.
713 2916 780 2936 --
809 2892 859 2945 Ι.
903 2898 950 2957 1,
981 2895 1066 2957 11,
1097 2894 1178 2943 10.
1236 2891 1305 2957 cf.
1350 2889 1464 2944 Gai
1498 2892 1623 2958 epit.
1656 2896 1705 2957 1,
1735 2895 1785 2957 5,
1816 2895 1863 2943 2.
1920 2889 2046 2958 Ulp.
2077 2893 2127 2955 8,
2157 2893 2251 2944 88.
2291 2889 2377 2943 D.

343 2969 393 3028 1,
423 2962 708 3032 5,9(Pap.
733 2965 873 3032 882).
914 2969 965 3029 5,
986 2967 1036 3028 2,
1057 2966 1193 3027 29,8
1234 2962 1589 3030 (1111821149).
1631 2962 1687 3017 0.
1718 2966 1767 3026 8,
1796 2967 1864 3015 47
1887 2964 2017 3031 (48),
2047 2966 2078 3014 5
2119 2964 2192 3029 (a.
2217 2963 2375 3030 291);

342 3039 375 3087 8
413 3036 486 3102 (a.
518 3035 659 3101 294).
725 3032 859 3101 quia
922 3048 994 3087 ne
1059 3032 1312 3103 quidem]
1378 3034 1447 3100 cf.
1494 3050 1666 3102 supra
1708 3038 1756 3100 1,
1786 3038 1870 3086 67.
1945 3034 2103 3100 infra
2158 3038 2208 3098 2,
2241 3038 2379 3099 161;

484 3147 674 3241 ξἰοᾶ.
731 3177 799 3243 cf.
839 3177 889 3230 1.
931 3182 978 3243 1,
1013 3180 1095 3243 11,
1126 3179 1174 3228 8.
1232 3175 1308 3229 D.
1350 3181 1398 3241 1,
1430 3180 1479 3240 7,
1511 3180 1595 3239 37,
1627 3181 1654 3228 1
1696 3176 1883 3243 (Paul.
1925 3178 2101 3244 1953).

485 3253 516 3313 8
557 3252 675 3301 106.
731 3249 800 3314 ef.
839 3248 889 3300 1.
931 3253 981 3314 1,
1012 3254 1098 3313 11,
1126 3252 1175 3299 4.
1269 3247 1346 3301 D.
1389 3252 1437 3313 1,
1470 3251 1517 3314 7,
1550 3252 1614 3299 18
1672 3248 1811 3315 (lav.
1851 3249 1958 3314 21).
2036 3252 2083 3313 1,
2125 3250 2174 3312 7,
2211 3249 2299 3313 40,
2342 3251 2372 3298 1

345 3321 525 3386 (Mod.
568 3321 636 3388 2).
716 3319 824 3374 Cic.
854 3334 964 3387 pro
1000 3320 1157 3372 domo
1197 3322 1283 3383 13,
1311 3323 1395 3372 34.
1439 3323 1523 3384 14,
1553 3322 1638 3371 36.
1712 3318 1858 3373 Suet.
1904 3319 2020 3372 Tib.
2051 3322 2101 3371 2.

486 3389 1218 3457 §107.-=D.,„.1722
1266 3389 1638 3455 I.1‚11,.11
1713 3389 2377 3457 cfiGaiepit.1,5‚4.

354 3461 476 3532 Ulp.
516 3466 566 3528 8,
596 3466 643 3515 8.
720 3462 796 3516 D.
838 3467 886 3528 1,
919 3466 967 3527 7,
1000 3466 1175 3530 lopr.
1216 3460 1586 3529 (U110.2o.89)
1630 3467 1676 3526 1,
1709 3465 1757 3528 7,
1786 3464 1967 3528 40pr.
2006 3458 2187 3528 (Mod.
2227 3460 2299 3528 2).

487 3539 517 3599 ἓ
559 3538 674 3587 108.
732 3535 802 3601 cf.
840 3550 1016 3601 supra
1055 3539 1102 3601 1,
1133 3537 1216 3587 55.
1275 3532 1513 3604 Dionys,
1553 3537 1603 3598 2,
1633 3536 1718 3585 25.
1779 3531 1915 3586 Gen.
1954 3536 2038 3598 10,
2069 3534 2156 3598 23,
2184 3534 2234 3583 5.
