2650 3917
343 199 477 263 422
549 198 1072 255 FRAGMENTVM
1109 199 1308 265 QVOD
1345 199 1645 256 DIOITVR
1678 198 2229 254 DOSITHEANVM.

340 363 657 446 praetoris
691 364 970 429 edietum
1006 364 1306 429 similiter
1413 368 1510 428 est
1547 385 1627 427 ex
1667 363 1985 447 praetoris
2021 362 2232 429 edicto
2268 363 2381 429 uel

340 451 447 534 uel
536 452 941 536 proconsulis
1035 474 1113 517 ex
1194 451 1306 517 331
1412 452 1844 538 proconsulis,
1908 453 2064 517 item
2120 453 2191 516 in
2245 474 2376 537 quo

344 537 514 605 enim
606 546 1068 627 consenserunt
1156 565 1305 627 pru-
1414 542 1770 607 sententiae
1914 544 2378 607 consenserunt

343 628 659 695 dentiam²
707 634 771 695 et
820 636 1150 716 receptum
1205 635 1303 696 est
1411 630 1827 716 prudentium
1899 634 1963 695 et
2043 635 2377 716 receptum

286 743 312 784 ⁶
341 740 796 803 responsorum
810 717 835 757 ³
898 724 962 784 et
1032 742 1303 786 summa·
1411 742 1492 785 ex
1534 720 1889 805 responsis,
1942 722 2044 785 ius
2096 742 2379 797 ⁴summa-

338 807 463 871 tim
553 807 834 874 solemus
925 807 1122 874 113334
1201 806 1304 873 et⁶
1411 811 1530 874 tim
1581 809 1862 875 solemus
1925 808 2086 874 11333
2149 809 2376 874 dicere.

340 896 548 962 dicere
609 899 718 962 lex
780 899 951 965 enim
1009 897 1178 963 Iulia
1240 902 1305 963 et
1355 930 1359 934 ·
1411 898 1517 963 lex
1580 900 1774 964 etiam
1837 896 2004 962 Iulia
2064 902 2130 962 et
2174 898 2379 982 Papia

339 985 577 1071 Papia⁶
684 992 931 1053 ceterae
1047 984 1303 1072 partes⁷
1412 991 1477 1051 et
1522 991 1769 1052 ceterae
1805 991 2022 1071 partes
2069 988 2228 1053 iuris
2268 1011 2377 1074 ap-

339 1074 665 1141 iustitiae⁸
708 1076 1133 1160 appellantur.
1411 1076 1753 1161 pellantur.

260 1279 312 1320 ιο
475 1254 528 1320 3.
576 1253 861 1341 Regulas
931 1255 1101 1320 enim
1175 1255 1552 1340 exsequenti
1622 1254 1787 1318 mihi
1859 1255 1941 1320 ad
2014 1278 2089 1319 ea
2160 1257 2379 1321 studia

338 1344 771 1409 necessarium
818 1348 965 1408 ante
1012 1344 1230 1410 omnia
1273 1345 1439 1410 seire
1483 1365 1644 1427 qaae
1676 1346 1808 1409 sint
1850 1346 2240 1411 condiciones
2272 1346 2379 1411 ho-

337 1434 583 1498 minnm
627 1431 1017 1499 liberorum.⁹
1105 1455 1223 1498 1133
1279 1433 1451 1500 3111111
1505 1433 1707 1498 unius
1754 1438 1906 1498 sunt
1960 1435 2376 1519 condicionis,

338 1522 450 1585 sed
493 1523 728 1586 uariae.
809 1545 984 1607 >quae
1029 1545 1145 1607 per
1155 1521 1206 1562 ¹⁰
1252 1522 1512 1608 singula
1524 1520 1591 1606 11,
1649 1544 1815 1606 quae
1859 1523 2185 1607 pertinent
2200 1521 2251 1561 ¹²
2296 1524 2377 1588 ad

339 1631 478 1675 eam
524 1612 994 1677 enarrationem
1009 1609 1077 1695 ¹³,
1122 1611 1458 1676 referenda
1503 1616 1653 1677 sunt
1698 1634 1814 1696 per
1860 1612 2166 1677 ordinem.
2181 1611 2233 1650 ¹4

259 1725 309 1765 15
471 1699 530 1766 4.
579 1698 816 1765 Omnes
882 1703 1051 1767 enim
1107 1705 1219 1766 aut
1232 1698 1282 1738 ¹⁶
1327 1702 1594 1787 ingenui
1651 1704 1803 1765 sunt
1857 1705 1968 1766 aut
1983 1698 2033 1737 ¹⁵
2076 1702 2312 1767 liberti.
2327 1700 2378 1740 ¹⁶

341 1789 453 1853 sed
495 1792 573 1855 ut
606 1791 814 1877 magis
851 1790 1109 1874 possint
1143 1791 1401 1875 singula
1413 1788 1463 1828 ¹⁷
1500 1790 1806 1856 declarari
1823 1788 1888 1874 ¹⁸,
1933 1789 2166 1856 melius
2201 1791 2379 1857 uide-

338 1876 509 1943 tur¹⁹
563 1879 843 1964 incipere
900 1903 939 1944 3
983 1877 1298 1943 libertis²⁰
1355 1883 1420 1943 et
1431 1878 1483 1918 ²¹
1526 1877 1873 1964 11111111111122
1928 1880 2007 1944 de
2059 1879 2312 1945 Latinis
2326 1878 2378 1919 ²⁸

338 1967 644 2050 seribere,
715 1991 797 2034 ne
870 1969 1128 2053 saepius
1201 1969 1420 2033 eadem
1499 1969 1909 2053 interpretari
1984 1966 2378 2054 cogamur.²4

339 2057 623 2141 primum
670 2079 825 2144 ergo
869 2058 1222 2142 uideamus,
1262 2058 1451 2142 quale
1488 2062 1606 2141 est,
1643 2059 1817 2141 quod
1855 2056 2156 2123 dieitur²5
2200 2060 2380 2141 apud

258 2171 309 2210 20
331 2152 561 2213 ueteres
572 2145 641 2231 ²⁶,
688 2167 797 2212 eos
811 2144 880 2229 ²⁷,
936 2148 1049 2232 qui
1094 2148 1264 2213 inter
1324 2144 1630 2212 amieos²⁸
1674 2147 2294 2213 manumittebantur
2307 2146 2376 2233 ²⁹,

483 2376 534 2443 1)
573 2391 638 2428 eo
676 2376 791 2430 PS.
904 2379 958 2443 2)
994 2378 1242 2444 peritum
1278 2376 1397 2432 PS.
1509 2378 1563 2445 3)
1602 2378 1660 2430 et
1694 2380 1985 2446 receptum
2023 2380 2110 2432 est
2143 2392 2373 2447 respon-

339 2460 526 2499 sorum
562 2447 631 2500 L.
682 2449 739 2501 et
776 2447 1108 2515 adsumptus
1146 2466 1215 2502 ex
1249 2448 1532 2517 responsis
1570 2447 1687 2503 PS.
1861 2450 1914 2518 4)
1953 2450 2013 2502 et
2047 2449 2377 2502 summatim

337 2516 579 2570 solemus
616 2518 758 2573 haee
794 2536 896 2574 om.
936 2519 1052 2573 PS.
1254 2522 1308 2590 5)
1346 2520 1460 2574 ista
1496 2519 1613 2574 PS.
1815 2521 1867 2588 6)
1903 2519 2052 2574 Iulia
2101 2521 2160 2574 et
2194 2520 2377 2589 Papia

336 2605 438 2643 om.
478 2589 594 2644 PS.
806 2592 858 2661 7)
911 2592 1132 2660 spartes
1180 2592 1247 2646 P.
1449 2592 1503 2660 8)
1553 2591 1703 2644 iuste
1756 2593 1822 2645 P.
1888 2591 2075 2645 iustae
2111 2591 2167 2647 S.
2234 2591 2376 2646 iusti

337 2661 485 2714 Pith.
705 2663 757 2730 9)
804 2678 949 2730 quae
970 2660 1364 2717 —liberorum
1410 2663 1538 2716 add.
1578 2662 1922 2717 Lachmann.
2133 2665 2221 2733 10)
2269 2680 2372 2718 om.

337 2731 452 2786 PS.
613 2734 697 2802 11)
736 2731 993 2803 singulae
1030 2735 1100 2788 L.
1267 2736 1356 2803 12)
1394 2749 1541 2801 quae
1577 2733 1864 2803 pertinent
1900 2735 1970 2788 L.
2024 2734 2377 2803 pertinentia

337 2803 454 2857 PS.
611 2807 700 2874 13)
747 2821 872 2858 eam
919 2805 1332 2859 enarrationem
1367 2806 1437 2860 L.
1493 2806 1641 2859 hane
1686 2804 2069 2859 narrationem
2113 2806 2169 2861 S.
2224 2805 2376 2860 113113

335 2874 656 2930 narratione
694 2876 763 2930 P.
892 2879 981 2935 14)
1017 2892 1118 2946 per
1155 2876 1411 2932 ordinem
1448 2878 1517 2931 L.
1574 2876 1634 2929 in
1672 2875 1865 2929 ordine
1906 2876 2022 2931 PS.
2154 2880 2242 2947 15)
2277 2876 2376 2931 uel

337 2944 407 3000 L.
580 2948 665 3015 16)
708 2948 794 3001 ‘in
838 2949 1072 3015 laeima,
1118 2966 1283 3017 qaam
1320 2949 1436 3005 eod.
1476 2948 1520 3002 S
1553 2949 1809 3002 asterisco
1851 2948 2157 3018 siqnisieat,
2201 2949 2376 3005 IGtue

337 3017 543 3072 dixerit
579 3019 944 3089 inqenuoram
989 3020 1206 3089 quidem
1250 3037 1426 3074 unam
1469 3020 1840 3074 condicionem
1884 3036 2012 3087 esse,
2057 3021 2377 3075 libertorum

335 3104 460 3144 vero
497 3090 783 3158 triplicem,
822 3098 925 3145 ant
958 3094 1105 3146 enim
1141 3093 1281 3146 cives
1317 3091 1602 3146 Romanos
1637 3097 1739 3144 ant
1764 3092 2005 3145 Latinos
2039 3098 2140 3145 aut
2174 3092 2372 3146 dediti-

336 3161 548 3215 ciorum
582 3178 808 3216 numero
845 3179 968 3217 esse.
1043 3165 1113 3229 ef.
1157 3162 1272 3217 Gai
1309 3168 1358 3229 1,
1390 3168 1485 3228 113
1517 3162 1627 3216 12’.
1666 3162 1785 3216 Ha.
1892 3165 1982 3228 17)
2019 3161 2276 3232 singulae
2315 3163 2373 3217 S.

337 3229 546 3285 ἕκαστοι
584 3248 630 3284 σ.
809 3235 895 3303 18)
933 3251 1034 3289 om.
1074 3233 1145 3287 L.
1313 3236 1400 3303 19)
1438 3232 1623 3287 uideri
1659 3233 1729 3286 L.
1787 3235 1915 3288 δοκι
1950 3236 1996 3287 λ.
2157 3237 2247 3303 20)
2284 3235 2377 3289 hic

338 3303 467 3369 finit
501 3303 616 3357 eod.
657 3305 724 3358 P.
837 3307 926 3374 21)
964 3322 1065 3360 om.
1096 3305 1151 3360 S.
1208 3304 1431 3359 adferre
1461 3307 1518 3358 et
1546 3306 1616 3359 L.
1728 3307 1816 3371 22)
1855 3321 1957 3359 om.
1996 3305 2052 3360 S.
2171 3309 2262 3374 23)
2288 3304 2375 3359 la-

334 3371 473 3427 tinis
500 3375 746 3428 romanis
776 3376 845 3429 L.
941 3379 1028 3446 24)
1066 3393 1167 3430 om.
1199 3376 1243 3431 S
1267 3376 1418 3431 Pith.
1513 3379 1600 3444 25)
1640 3375 1894 3431 dicturus
1923 3376 1979 3431 S.
2089 3379 2177 3447 26)
2217 3378 2377 3446 apud

334 3446 556 3498 ueteres
604 3446 732 3500 add.
773 3447 889 3501 Ha.
929 3448 1035 3501 hac
1090 3453 1456 3517 transponens
1499 3450 1737 3501 ueteres.
1955 3450 2045 3517 27)
2089 3463 2184 3501 eos
2222 3448 2373 3503 Pith.

334 3514 418 3568 eis
447 3514 532 3640 Sz
650 3520 738 3584 28)
777 3518 985 3573 amieos
1022 3520 1243 3573 ueteres
1272 3519 1326 3574 S.
1476 3521 1563 3587 29)
1603 3534 1696 3573 338
1728 3550 1795 3559 -
1824 3519 2377 3574 manumittebantur

336 3602 437 3638 nm.
536 3628 547 3640 .
