2650 3917
870 185 996 240 GAI
1030 185 1286 241 INSTIT.
1324 185 1404 240 IV
1440 191 1670 240 56—59.
2154 186 2285 251 353

246 351 416 416 nihil
471 373 618 416 eum
675 350 1028 436 periclitari
1081 372 1357 435 eumque
1402 371 1483 414 ex
1536 350 1789 436 integro
1846 371 2035 437 agere
2080 371 2288 435 posse,

248 443 406 525 quia
440 440 607 505 nihil
643 444 793 505 ante
829 439 1090 504 uidetur
1125 440 1352 526 egisse,
1386 438 1570 505 uelut
1605 440 1661 503 si
1699 440 1774 523 is,
1812 441 1925 523 qui
1958 440 2287 505 hominem

248 529 549 595 Stichum
589 527 599 618 Ι
640 533 854 615 petere
900 529 1186 613 deberet,
1232 528 1500 594 Erotem
1551 530 1837 613 petierit,
1884 532 1996 594 aut
2042 530 2098 593 si
2144 529 2290 613 quis
2327 541 2435 590 208

251 642 333 685 ex
395 622 785 684 testamento
852 618 989 684 dari
1003 617 1027 656 ¹
1072 617 1200 682 sibi
1266 622 1564 703 oportere
1626 618 1996 700 intenderit,
2061 619 2165 684 cui
2211 640 2291 682 ex

250 708 567 793 stipulatu
633 708 987 773 debebatur
998 706 1040 789 2,
1095 712 1208 772 aut
1261 708 1319 771 si
1384 707 1682 793 cognitor
1737 710 1848 771 aut
1911 710 2293 792 procurator

251 798 603 862 intenderit
666 797 793 863 sibi
856 797 996 861 dari
1058 800 1375 882 oportere.
1484 795 1579 862 56.
1627 794 1754 860 Sed
1817 797 1966 881 plus
2031 796 2291 880 quidem

253 887 604 971 intendere,
639 888 809 951 sicut
846 909 1041 971 supra
1086 886 1385 969 diximus,
1431 885 1868 969 periculosum
1906 890 2032 970 est3
2075 885 2295 949 ‘minus

253 980 472 1041 autem
527 975 857 1042 intendere
910 976 1081 1040 licet.
1174 975 1287 1039 sed
1336 975 1412 1039 de
1475 973 1725 1059 reliquo
1781 975 1954 1038 intra
2008 975 2294 1039 eiusdem

255 1069 625 1151 praeturam
690 1086 881 1151 agere
941 1086 1076 1131 non
1136 1064 1564 1150 permittitur3
1626 1086 1775 1128 nam
1824 1065 1937 1148 qui
1988 1064 2086 1128 ita
2140 1064 2296 1150 agit,

253 1177 373 1240 per
418 1155 860 1239 exceptionem
921 1153 1314 1237 excluditur,
1371 1175 1535 1237 quae
1581 1153 1874 1239 exceptio
1932 1152 2298 1238 appellatur

254 1244 395 1309 litis
443 1244 761 1309 diuiduas.
854 1243 947 1308 57.
995 1242 1086 1308 At
1123 1244 1180 1308 si
1216 1243 1284 1307 in
1334 1241 1906 1308 condemnatione⁸
1941 1244 2089 1329 plus
2127 1241 2297 1327 posi—

257 1330 437 1398 tum4
492 1333 604 1413 sit,
669 1356 862 1418 quam
929 1337 1211 1418 oportet,
1276 1333 1513 1398 actoris
1579 1328 1875 1417 quidem⁶
1939 1333 2296 1418 periculum

255 1424 509 1487 nullum
548 1426 672 1508 est3
719 1422 830 1488 sed
865 1443 1025 1501 rem,
1072 1443 1212 1487 cum
1253 1422 1543 1506 iniquam
1579 1422 1926 1488 formulam
1965 1420 2300 1507 acceperit,

259 1513 328 1576 in
374 1513 702 1598 integrum
747 1512 1131 1595 restituitur,
1177 1515 1252 1576 ut
1295 1512 1626 1577 minuatur
1682 1510 2151 1577 condemnatio.
2246 1510 2302 1574 si

259 1622 416 1666 uero
465 1602 679 1665 minus
733 1602 1020 1685 positum
1065 1600 1288 1680 fuerit,
1338 1622 1530 1684 quam
1580 1604 1863 1686 oportet,
1918 1600 2044 1667 hoc
2090 1601 2301 1665 solum

261 1691 678 1773 consequitur
723 1694 916 1769 actor,
973 1689 1148 1774 quod
1202 1690 1448 1774 posuit3
1501 1711 1653 1754 nam
1698 1692 1839 1754 tota
1893 1689 2155 1774 quidem
2201 1710 2303 1753 res

262 1780 332 1843 in
381 1778 693 1846 iudicium
742 1778 1097 1862 deducitur,
1145 1778 1615 1865 constringitur
1659 1783 1875 1844 autem
1924 1778 2304 1844 condemna-

262 1868 461 1933 tionis
507 1868 653 1948 fine,
702 1889 896 1951 quam
941 1867 1134 1933 iudex
1180 1867 1400 1952 egredi
1445 1889 1578 1932 non
1625 1871 1856 1951 potest.
1948 1887 2069 1931 nec
2107 1888 2184 1931 ex
2231 1886 2309 1930 ea

263 1961 452 2041 parte
498 1962 758 2042 praetor
803 1957 871 2021 in
919 1957 1242 2042 integrum
1287 1956 1599 2041 restituit3
1655 1956 1913 2023 facilius
1961 1955 2133 2020 enim
2179 1955 2306 2020 reis

264 2051 532 2131 praetor
595 2046 914 2111 succurrit
979 2067 1175 2129 quam
1239 2046 1583 2119 actoribus.
1695 2045 2026 2129 loquimur
2090 2048 2307 2108 autem

265 2135 554 2220 exceptis
610 2135 972 2200 minoribus
1018 2153 1164 2200 xxv
1220 2157 1567 2220 annorum3
1622 2157 1774 2200 nam
1829 2134 2021 2198 huius
2079 2133 2309 2197 aetatis

264 2225 641 2291 hominibus
687 2226 756 2289 in
817 2225 1118 2289 omnibus
1165 2225 1359 2290 rebus
1405 2225 1605 2309 lapsis
1660 2228 1920 2309 praetor
1976 2221 2309 2288 succurrit.

265 2314 362 2380 58.
412 2313 482 2379 Si
530 2316 600 2379 in
657 2315 1206 2379 demonstratione
1251 2316 1400 2399 plus
1448 2317 1561 2378 aut
1606 2313 1821 2378 minus
1875 2314 2161 2398 positum
2209 2313 2310 2392 sit,

267 2403 438 2469 nihil
491 2405 561 2469 in
623 2403 937 2469 iudicium
1000 2403 1365 2486 deducitur,
1428 2406 1495 2468 et
1558 2402 1701 2468 ideo
1766 2424 1867 2468 res
1924 2404 1994 2466 in
2056 2401 2310 2487 integro

271 2496 517 2578 manet3
565 2497 630 2558 et
674 2493 800 2558 hoc
846 2498 970 2577 est,
1027 2492 1201 2577 quod
1258 2492 1495 2557 dicitur
1549 2491 1712 2557 falsa
1767 2490 2313 2556 demonstratione

269 2605 410 2647 rem
448 2604 583 2647 non
617 2582 865 2667 perimi.
959 2582 1052 2647 59.
1101 2580 1227 2647 Sed
1263 2585 1435 2665 sunt,
1472 2583 1585 2666 qui
1621 2585 1855 2666 putant
1891 2581 2105 2645 minus
2142 2583 2314 2643 recte
2379 2655 2386 2663 ⁸

354 2899 358 2902 .
422 2831 473 2899 1)
513 2830 649 2884 dare
675 2829 741 2884 V.
855 2832 907 2899 2)
937 2800 1396 2883 'deberedebatur
1422 2829 1487 2883 V.
1600 2830 1654 2899 8)
1693 2827 2220 2883 condemnationem
2248 2826 2315 2880 V.

275 2906 329 2971 4)
367 2901 617 2971 positum
655 2901 919 2972 Hollweq.
985 2901 1230 2969 petitum
1267 2900 1334 2954 V.
1483 2902 1534 2968 5)
1575 2907 1649 2969 qa
1686 2899 1752 2954 V.

421 3085 451 3145 ἓ
500 3085 586 3133 56.
652 3078 844 3150 supra]
900 3085 951 3144 4,
982 3085 1066 3133 53.
1143 3078 1352 3216 minus]
1407 3079 1476 3145 cf.
1530 3079 1587 3133 0.
1628 3083 1677 3144 3,
1710 3082 1794 3143 10,
1826 3083 1874 3142 1,
1906 3081 1937 3128 3
1995 3079 2068 3146 (a.
2098 3081 2201 3130 486
2239 3076 2321 3131 vel

278 3153 423 3220 487).
491 3150 746 3219 exceptio
783 3150 903 3204 litis
942 3150 1237 3222 diuiduae]
1276 3167 1305 3203 c
1334 3191 1347 3204 .
1385 3150 1543 3216 infra
1581 3154 1631 3215 4,
1666 3154 1783 3201 122.

422 3228 453 3288 ξ
493 3227 578 3277 57.
644 3220 915 3292 positum]
971 3221 1041 3288 cf.
1100 3222 1258 3288 infra
1294 3227 1345 3286 4,
1377 3226 1460 3276 68.
1537 3218 1967 3302 constringitur]
2022 3217 2092 3285 cf.
2147 3235 2321 3287 supra

282 3300 331 3360 4,
363 3300 430 3347 52
445 3310 493 3349 a.
550 3294 627 3347 D.
669 3299 752 3359 10,
784 3297 833 3359 3,
867 3297 932 3346 18
971 3294 1112 3362 (Iav.
1143 3295 1250 3362 81).
1307 3292 1369 3345 in
1405 3291 1688 3361 integrum
1724 3290 2002 3361 restituit]
2040 3289 2110 3357 cf.
2148 3306 2321 3359 supra

283 3372 333 3433 2,
365 3371 488 3420 163.
527 3372 578 3434 4,
609 3370 695 3419 53.
751 3364 910 3432 infra
947 3370 998 3429 4,
1032 3368 1151 3417 125.

428 3443 458 3502 ὅ
498 3441 583 3491 58.
641 3437 710 3503 cf.
748 3453 926 3506 supra
963 3441 1013 3502 4,
1043 3440 1140 3499 4ος
1180 3439 1264 3487 56.

427 3514 458 3574 5
497 3513 583 3562 59.
621 3510 710 3576 ,cfi
742 3510 818 3563 D.
852 3512 935 3573 19,
969 3513 1016 3573 1,
1048 3512 1115 3562 33
1146 3506 1466 3576 (Πιμθτθ).
1518 3510 1600 3572 13,
1633 3512 1682 3573 6,
1714 3512 1798 3574 ιτ,
1827 3505 2071 3575 4(Pau1.
2090 3505 2232 3573 446).
2256 3533 2325 3543 -

283 3586 335 3646 3,
366 3586 416 3646 3,
448 3585 532 3646 78,
565 3587 593 3634 1
635 3581 782 3650 (Afr.
823 3582 928 3649 57).

390 3680 601 3721 lmen.
629 3689 788 3720 mxx.
816 3690 894 3720 ι».
924 3678 1398 3720 Seckel-Kublcr.
1425 3678 1464 3719 1.
1933 3672 1999 3720 23
