2650 3917
300 1721 388 1787 12.

631 148 932 204 VLPIANI
967 148 1146 203 DISP.
1169 149 1295 205 PR.
1333 147 1851 203 ARGENTORAT.
1890 153 1975 202 12.
2185 146 2311 211 501

624 313 730 378 zib.
786 314 933 378 dato
996 313 1238 378 nullam
1294 310 1399 376 inl
1436 310 1585 377 eos2
1639 298 1777 377 esse
1823 315 1989 376 tute-

624 403 726 467 lae
769 424 933 467 nom.
971 413 1109 468 don.
1154 404 1285 467 nisi
1331 423 1470 467 eam
1506 404 1561 484 ᾗ.
1600 401 1692 465 ita
1738 402 1994 470 demum

1015 492 1264 574 pupillo
1329 493 1520 556 datm·
1581 492 1641 557 si
1705 492 1990 555 excussis

1190 651 1245 705 A
1264 650 1394 703 Hb.

428 741 849 807 facultatibus
913 744 1202 806 tutorum
1267 742 1426 805 satis
1492 740 1551 805 ei
1614 741 1757 805 fieri
1820 763 1954 805 non
2010 741 2315 824 potuerit,

431 853 697 915 eamque
762 831 1080 895 actionem
1145 851 1339 895 causa
1402 831 1666 916 cognita
1728 831 1796 893 in
1862 851 1970 894 eos
2036 829 2314 894 dandam

434 920 657 985 scribit
668 918 711 1006 3,
749 920 1100 1003 diuumque
1136 917 1364 983 Pium*
1399 920 1802 1003 rescripsisse
1841 923 1904 983 et
1941 918 2010 983 in
2054 918 2317 982 heredes

432 1032 655 1075 eorum
714 1005 974 1073 itidem⁶
1023 1030 1213 1073 causa
1276 1009 1566 1095 cognita,
1632 1008 1930 1092 quamuis
1992 1006 2318 1073 Iulianus⁶

432 1100 502 1163 in
554 1098 851 1163 heredem
908 1098 1325 1184 magistratus
1341 1095 1365 1134 ⁷
1418 1118 1550 1161 non
1613 1095 1973 1181 putauerit8
2034 1097 2315 1161 tribuen-

439 1188 583 1253 dam
612 1188 946 1271 actionem,
974 1208 1117 1252 cum
1157 1187 1326 1251 idem
1364 1187 1664 1251 heredem
1701 1187 1949 1272 iudicis,
1987 1187 2099 1271 qui
2135 1186 2314 1250 litem

435 1300 617 1342 suam
666 1278 935 1359 fecisset,
981 1277 1190 1341 teneri
1236 1275 1722 1342 existimauerit.
1817 1276 1929 1340 sed
1970 1279 2317 1360 utrumque

432 1371 659 1432 contra
733 1372 856 1450 est,
920 1363 1099 1431 eum9
1158 1365 1343 1430 heres
1417 1367 1833 1451 magistratus
1899 1369 2195 1434 teneatur
2254 1368 2317 1429 et

433 1456 666 1521 iudicis
680 1454 730 1492 1⁰
785 1477 917 1520 non
963 1460 1274 1519 teneatur.
1369 1459 1462 1519 et*
1498 1456 1912 1540 magistratus
1970 1479 2001 1513 »ε
2032 1479 2064 1514 *
2097 1479 2128 1514 *
2186 1477 2317 1519 non

433 1549 509 1609 ut
553 1548 803 1608 tutores
840 1549 1166 1609 tenentur:
1215 1544 1491 1627 denique
1529 1545 1601 1608 in
1635 1545 1825 1609 bonis
1864 1566 2085 1609 eorum
2122 1543 2318 1628 priui-

433 1635 676 1719 legium
723 1654 968 1697 cessare
1013 1634 1244 1717 procul
1289 1633 1478 1697 dubio
1526 1637 1638 1697 est.
1653 1632 1703 1669 ¹¹

437 1748 468 1783 »ι
491 1748 523 1782 *
556 1721 600 1785 d
636 1721 1033 1806 quaestionis
1077 1722 1294 1804 fuisse,
1342 1726 1416 1786 ut
1462 1743 1805 1805 sponsores
1853 1744 1936 1785 an
1978 1723 2198 1805 potius
2246 1725 2320 1784 ut

436 1812 838 1877 fideiussores
897 1810 1200 1875 deberent
1255 1811 1480 1874 teneri.
1570 1815 1634 1875 et
1680 1809 2002 1874 Iulianum
2060 1809 2318 1894 quidem

436 1905 510 1966 ut
574 1900 982 1965 fideiussores
1049 1899 1526 1966 conueniendos
1589 1903 1879 1984 putasse,
1941 1898 2319 1963 Marcellum

436 2011 590 2054 uero
637 1990 844 2076 magis
891 2011 1277 2072 sponsorum
1322 1989 1540 2054 locum
1588 1990 1877 2072 optinere
1923 1988 2093 2072 apud
2129 1987 2321 2052 Iulia-

432 2101 589 2143 num
649 2084 890 2144 notare.
904 2076 955 2115 ¹²
1043 2077 1335 2144 Marcelli
1382 2079 1765 2143 sententiam
1813 2078 2062 2142 ratione
2107 2078 2318 2142 iuuari

437 2168 657 2252 negari
730 2189 864 2233 non
937 2189 1153 2251 posse:
1230 2168 1525 2234 sufficere
1590 2169 1790 2252 enim,
1855 2168 1912 2231 si
1973 2167 2044 2230 in
2104 2168 2319 2231 locum

442 2279 664 2322 eorum
710 2258 1070 2340 succedant,
1109 2278 1271 2341 quos
1312 2256 1514 2340 accipi
1552 2257 1975 2342 neglexerunt
2012 2257 2120 2320 uel
2159 2277 2320 2339 quos

436 2348 650 2411 minus
696 2346 959 2410 idoneos
1006 2348 1407 2429 acceperunt.

430 2542 481 2609 1)
517 2546 544 2591 ῑ
602 2540 658 2595 0.
828 2542 881 2609 2)
918 2544 1078 2593 55an
1120 2539 1179 2594 (J.
1353 2541 1405 2607 3)
1442 2543 1502 2592 ’ὦ
1541 2539 1600 2594 0.
1772 2541 1827 2607 4)
1866 2540 1936 2606 cf.
1973 2540 2050 2593 D.
2091 2544 2177 2607 27,
2205 2542 2258 2606 8,
2288 2544 2319 2591 6

212 2610 221 2619 “
284 2610 436 2680 (Uzp.
478 2613 617 2679 172).
800 2612 854 2679 5)
891 2609 1094 2664 itidem
1132 2611 1399 2679 Krueyer.
1457 2609 1643 2665 etide·
1686 2610 1745 2666 Ο.
1927 2613 1980 2680 6)
2016 2610 2111 2663 id·
2161 2611 2321 2664 addit

287 2682 382 2748 0¹,
419 2683 556 2737 delet
585 2682 687 2748 0²3
727 2684 797 2749 cf.
834 2681 912 2764 D.
944 2687 995 2748 5,
1027 2689 1076 2749 1,
1107 2687 1173 2734 16
1211 2680 1365 2750 (Uzp.
1405 2686 1507 2734 271
1540 2708 1607 2727 --
1636 2682 1749 2735 Iul.
1783 2685 1924 2752 137).
2041 2684 2093 2751 7)
2130 2686 2319 2765 mag-g.

283 2752 376 2806 HL
417 2754 476 2809 0.
603 2755 657 2823 8)
695 2755 924 2822 putauit
964 2753 1020 2807 Ο.
1170 2757 1221 2820 9)
1261 2770 1390 2807 cum
1427 2754 1611 2807 Lenel.
1667 2771 1802 2807 nam
1842 2753 1889 2808 0
2047 2755 2134 2822 10)
2172 2754 2321 2807 iud1-

281 2824 389 2878 ciis
429 2826 484 2879 0.
598 2827 685 2894 11)
724 2825 796 2891 cf.
831 2825 910 2880 D.
949 2829 1036 2892 27,
1066 2829 1117 2892 8,
1148 2830 1198 2891 1,
1236 2830 1304 2877 14
1342 2824 1498 2893 (Ulp.
1536 2828 1711 2895 1038).
1827 2826 1912 2894 12)
1952 2826 2221 2879 nonotare
2261 2825 2319 2878 (J.
