<?xml version="1.0" encoding="UTF-8"?>
<!DOCTYPE html PUBLIC "-//W3C//DTD XHTML 1.0 Transitional//EN"
    "http://www.w3.org/TR/xhtml1/DTD/xhtml1-transitional.dtd">
<html xmlns="http://www.w3.org/1999/xhtml" xml:lang="en" lang="en">
 <head>
  <title>
</title>
<meta http-equiv="Content-Type" content="text/html;charset=utf-8" />
  <meta name='ocr-system' content='tesseract 3.04.00' />
  <meta name='ocr-capabilities' content='ocr_page ocr_carea ocr_par ocr_line ocrx_word'/>
</head>
<body>
  <div class='ocr_page' id='page_1' title='image "./ivrisprvdentiae00kbgoog/ivrisprvdentiae00kbgoog_0397.png"; bbox 0 0 2650 3917; ppageno 0'>
   <div class='ocr_carea' id='block_1_1' title="bbox 906 162 2318 229">
    <p class='ocr_par' dir='ltr' id='par_1_1' title="bbox 906 162 2318 229">
     <span class='ocr_line' id='line_1_1' title="bbox 906 162 2318 229; baseline 0.007 -11"><span class='ocrx_word' id='word_1_1' title='bbox 906 162 1033 218; x_wconf 79' lang='lat' dir='ltr'>GAI</span> <span class='ocrx_word' id='word_1_2' title='bbox 1066 163 1323 219; x_wconf 81' lang='lat' dir='ltr'>INSTIT.</span> <span class='ocrx_word' id='word_1_3' title='bbox 1361 164 1440 218; x_wconf 84' lang='lat' dir='ltr'>IV</span> <span class='ocrx_word' id='word_1_4' title='bbox 1479 169 1706 218; x_wconf 76' lang='lat'><strong><em>75—76.</em></strong></span> <span class='ocrx_word' id='word_1_5' title='bbox 2191 163 2318 229; x_wconf 83' lang='lat'>361</span> 
     </span>
    </p>
   </div>
   <div class='ocr_carea' id='block_1_2' title="bbox 283 326 2326 1486">
    <p class='ocr_par' dir='ltr' id='par_1_2' title="bbox 283 326 2326 1486">
     <span class='ocr_line' id='line_1_2' title="bbox 285 326 2323 413; baseline 0 -22"><span class='ocrx_word' id='word_1_6' title='bbox 285 327 477 412; x_wconf 86' lang='lat' dir='ltr'>petit,</span> <span class='ocrx_word' id='word_1_7' title='bbox 541 326 620 393; x_wconf 89' lang='lat' dir='ltr'>de</span> <span class='ocrx_word' id='word_1_8' title='bbox 681 328 937 411; x_wconf 86' lang='lat' dir='ltr'>pecqu</span> <span class='ocrx_word' id='word_1_9' title='bbox 989 329 1100 393; x_wconf 90' lang='lat' dir='ltr'>uel</span> <span class='ocrx_word' id='word_1_10' title='bbox 1143 327 1222 393; x_wconf 92' lang='lat' dir='ltr'>de</span> <span class='ocrx_word' id='word_1_11' title='bbox 1267 328 1339 392; x_wconf 93' lang='lat' dir='ltr'>in</span> <span class='ocrx_word' id='word_1_12' title='bbox 1389 348 1526 393; x_wconf 90' lang='lat' dir='ltr'>rem</span> <span class='ocrx_word' id='word_1_13' title='bbox 1590 348 1780 393; x_wconf 90' lang='lat' dir='ltr'>uerso</span> <span class='ocrx_word' id='word_1_14' title='bbox 1843 348 2032 413; x_wconf 81' lang='lat' dir='ltr'>agere</span> <span class='ocrx_word' id='word_1_15' title='bbox 2088 330 2323 412; x_wconf 82' lang='lat' dir='ltr'>potest.</span> 
     </span>
     <span class='ocr_line' id='line_1_3' title="bbox 287 416 2323 502; baseline 0.001 -22"><span class='ocrx_word' id='word_1_16' title='bbox 287 416 400 481; x_wconf 90' lang='lat' dir='ltr'>sed</span> <span class='ocrx_word' id='word_1_17' title='bbox 442 416 598 482; x_wconf 87' lang='lat' dir='ltr'>huic</span> <span class='ocrx_word' id='word_1_18' title='bbox 651 438 805 482; x_wconf 88' lang='lat' dir='ltr'>sane</span> <span class='ocrx_word' id='word_1_19' title='bbox 857 417 1239 502; x_wconf 84' lang='lat' dir='ltr'>plerumque</span> <span class='ocrx_word' id='word_1_20' title='bbox 1298 417 1560 502; x_wconf 86' lang='lat' dir='ltr'>expedit</span> <span class='ocrx_word' id='word_1_21' title='bbox 1615 416 1738 482; x_wconf 88' lang='lat' dir='ltr'>hac</span> <span class='ocrx_word' id='word_1_22' title='bbox 1794 417 2013 501; x_wconf 87' lang='lat' dir='ltr'>potius</span> <span class='ocrx_word' id='word_1_23' title='bbox 2072 418 2323 482; x_wconf 91' lang='lat' dir='ltr'>actione</span> 
     </span>
     <span class='ocr_line' id='line_1_4' title="bbox 286 505 2323 590; baseline -0 -20"><span class='ocrx_word' id='word_1_24' title='bbox 286 506 384 570; x_wconf 89' lang='lat' dir='ltr'>uti</span> <span class='ocrx_word' id='word_1_25' title='bbox 449 527 641 590; x_wconf 87' lang='lat' dir='ltr'>quam</span> <span class='ocrx_word' id='word_1_26' title='bbox 711 506 1075 572; x_wconf 87' lang='lat' dir='ltr'>tributoria.</span> <span class='ocrx_word' id='word_1_27' title='bbox 1165 528 1316 571; x_wconf 88' lang='lat' dir='ltr'>nam</span> <span class='ocrx_word' id='word_1_28' title='bbox 1382 506 1451 570; x_wconf 94' lang='lat' dir='ltr'>in</span> <span class='ocrx_word' id='word_1_29' title='bbox 1514 506 1860 571; x_wconf 90' lang='lat' dir='ltr'>tributoria</span> <span class='ocrx_word' id='word_1_30' title='bbox 1921 506 2058 571; x_wconf 87' lang='lat' dir='ltr'>eius</span> <span class='ocrx_word' id='word_1_31' title='bbox 2123 505 2323 571; x_wconf 89' lang='lat' dir='ltr'>solius</span> 
     </span>
     <span class='ocr_line' id='line_1_5' title="bbox 284 594 2324 680; baseline -0.001 -19"><span class='ocrx_word' id='word_1_32' title='bbox 284 595 524 678; x_wconf 90' lang='lat' dir='ltr'>peculii</span> <span class='ocrx_word' id='word_1_33' title='bbox 560 595 726 661; x_wconf 93' lang='lat' dir='ltr'>ratio</span> <span class='ocrx_word' id='word_1_34' title='bbox 772 595 1066 680; x_wconf 88' lang='lat' dir='ltr'>habetur,</span> <span class='ocrx_word' id='word_1_35' title='bbox 1104 595 1279 680; x_wconf 91' lang='lat' dir='ltr'>quod</span> <span class='ocrx_word' id='word_1_36' title='bbox 1313 597 1383 660; x_wconf 88' lang='lat' dir='ltr'>in</span> <span class='ocrx_word' id='word_1_37' title='bbox 1418 595 1524 660; x_wconf 90' lang='lat' dir='ltr'>his</span> <span class='ocrx_word' id='word_1_38' title='bbox 1571 595 1891 662; x_wconf 79' lang='lat' dir='ltr'>mercibus</span> <span class='ocrx_word' id='word_1_39' title='bbox 1928 598 2044 680; x_wconf 86' lang='lat' dir='ltr'>est,</span> <span class='ocrx_word' id='word_1_40' title='bbox 2080 594 2149 659; x_wconf 94' lang='lat' dir='ltr'>in</span> <span class='ocrx_word' id='word_1_41' title='bbox 2187 595 2324 680; x_wconf 90' lang='lat' dir='ltr'>qui·</span> 
     </span>
     <span class='ocr_line' id='line_1_6' title="bbox 286 681 2323 771; baseline 0 -23"><span class='ocrx_word' id='word_1_42' title='bbox 286 684 408 750; x_wconf 88' lang='lat' dir='ltr'>bus</span> <span class='ocrx_word' id='word_1_43' title='bbox 453 686 828 771; x_wconf 75' lang='lat' dir='ltr'>negotiatur</span> <span class='ocrx_word' id='word_1_44' title='bbox 871 684 1045 752; x_wconf 86' lang='lat' dir='ltr'>filius</span> <span class='ocrx_word' id='word_1_45' title='bbox 1091 706 1400 750; x_wconf 87' lang='lat' dir='ltr'>seruusue</span> <span class='ocrx_word' id='word_1_46' title='bbox 1455 684 1756 769; x_wconf 87' lang='lat' dir='ltr'>quodque</span> <span class='ocrx_word' id='word_1_47' title='bbox 1800 684 1950 749; x_wconf 89' lang='lat' dir='ltr'>inde</span> <span class='ocrx_word' id='word_1_48' title='bbox 1993 681 2323 768; x_wconf 88' lang='lat' dir='ltr'>receptum</span> 
     </span>
     <span class='ocr_line' id='line_1_7' title="bbox 286 773 2324 859; baseline 0 -21"><span class='ocrx_word' id='word_1_49' title='bbox 286 774 428 858; x_wconf 85' lang='lat' dir='ltr'>erit,</span> <span class='ocrx_word' id='word_1_50' title='bbox 475 778 544 838; x_wconf 88' lang='lat' dir='ltr'>at</span> <span class='ocrx_word' id='word_1_51' title='bbox 587 773 658 838; x_wconf 94' lang='lat' dir='ltr'>in</span> <span class='ocrx_word' id='word_1_52' title='bbox 702 774 955 840; x_wconf 86' lang='lat' dir='ltr'>actione</span> <span class='ocrx_word' id='word_1_53' title='bbox 1008 774 1247 858; x_wconf 87' lang='lat' dir='ltr'>peculii</span> <span class='ocrx_word' id='word_1_54' title='bbox 1260 773 1302 858; x_wconf 80' lang='lat'>¹,</span> <span class='ocrx_word' id='word_1_55' title='bbox 1347 774 1567 839; x_wconf 90' lang='lat' dir='ltr'>totius.</span> <span class='ocrx_word' id='word_1_56' title='bbox 1659 778 1724 838; x_wconf 90' lang='lat' dir='ltr'>et</span> <span class='ocrx_word' id='word_1_57' title='bbox 1779 777 1996 859; x_wconf 87' lang='lat' dir='ltr'>potest</span> <span class='ocrx_word' id='word_1_58' title='bbox 2050 775 2324 858; x_wconf 87' lang='lat' dir='ltr'>quisque</span> 
     </span>
     <span class='ocr_line' id='line_1_8' title="bbox 285 861 2322 948; baseline 0 -22"><span class='ocrx_word' id='word_1_59' title='bbox 285 863 480 928; x_wconf 87' lang='lat' dir='ltr'>tertia</span> <span class='ocrx_word' id='word_1_60' title='bbox 524 863 694 927; x_wconf 88' lang='lat' dir='ltr'>forte</span> <span class='ocrx_word' id='word_1_61' title='bbox 730 869 844 929; x_wconf 87' lang='lat' dir='ltr'>aut</span> <span class='ocrx_word' id='word_1_62' title='bbox 890 867 1122 948; x_wconf 86' lang='lat' dir='ltr'>quarta</span> <span class='ocrx_word' id='word_1_63' title='bbox 1157 865 1266 929; x_wconf 90' lang='lat' dir='ltr'>uel</span> <span class='ocrx_word' id='word_1_64' title='bbox 1310 861 1546 928; x_wconf 73' lang='lat' dir='ltr'>etiam²</span> <span class='ocrx_word' id='word_1_65' title='bbox 1573 863 1819 928; x_wconf 91' lang='lat' dir='ltr'>minore</span> <span class='ocrx_word' id='word_1_66' title='bbox 1857 866 2041 947; x_wconf 88' lang='lat' dir='ltr'>parte</span> <span class='ocrx_word' id='word_1_67' title='bbox 2085 862 2322 948; x_wconf 88' lang='lat' dir='ltr'>peculii</span> 
     </span>
     <span class='ocr_line' id='line_1_9' title="bbox 285 949 2326 1038; baseline 0 -22"><span class='ocrx_word' id='word_1_68' title='bbox 285 953 623 1038; x_wconf 86' lang='lat' dir='ltr'>negotiari,</span> <span class='ocrx_word' id='word_1_69' title='bbox 670 953 1019 1017; x_wconf 81' lang='lat' dir='ltr'><strong>maximam</strong></span> <span class='ocrx_word' id='word_1_70' title='bbox 1065 974 1221 1017; x_wconf 90' lang='lat' dir='ltr'>uero</span> <span class='ocrx_word' id='word_1_71' title='bbox 1273 957 1523 1038; x_wconf 87' lang='lat' dir='ltr'>partem</span> <span class='ocrx_word' id='word_1_72' title='bbox 1578 952 1818 1037; x_wconf 85' lang='lat' dir='ltr'>peculii</span> <span class='ocrx_word' id='word_1_73' title='bbox 1873 954 1942 1017; x_wconf 90' lang='lat' dir='ltr'>in</span> <span class='ocrx_word' id='word_1_74' title='bbox 1996 949 2179 1017; x_wconf 77' lang='lat' dir='ltr'>aliis⁸</span> <span class='ocrx_word' id='word_1_75' title='bbox 2230 973 2326 1016; x_wconf 89' lang='lat' dir='ltr'>re-</span> 
     </span>
     <span class='ocr_line' id='line_1_10' title="bbox 285 1041 2325 1128; baseline 0 -23"><span class='ocrx_word' id='word_1_76' title='bbox 285 1041 409 1106; x_wconf 88' lang='lat' dir='ltr'>bus</span> <span class='ocrx_word' id='word_1_77' title='bbox 453 1041 719 1128; x_wconf 83' lang='lat' dir='ltr'>habere3</span> <span class='ocrx_word' id='word_1_78' title='bbox 762 1043 957 1128; x_wconf 86' lang='lat' dir='ltr'>longe</span> <span class='ocrx_word' id='word_1_79' title='bbox 992 1044 1222 1128; x_wconf 83' lang='lat' dir='ltr'>magis,</span> <span class='ocrx_word' id='word_1_80' title='bbox 1270 1043 1326 1106; x_wconf 90' lang='lat' dir='ltr'>si</span> <span class='ocrx_word' id='word_1_81' title='bbox 1367 1045 1585 1127; x_wconf 89' lang='lat' dir='ltr'>potest</span> <span class='ocrx_word' id='word_1_82' title='bbox 1630 1042 1976 1126; x_wconf 87' lang='lat' dir='ltr'>adprobari</span> <span class='ocrx_word' id='word_1_83' title='bbox 2019 1042 2105 1125; x_wconf 85' lang='lat' dir='ltr'>id,</span> <span class='ocrx_word' id='word_1_84' title='bbox 2152 1041 2325 1125; x_wconf 91' lang='lat' dir='ltr'>quod</span> 
     </span>
     <span class='ocr_line' id='line_1_11' title="bbox 286 1131 2323 1216; baseline -0.001 -19"><span class='ocrx_word' id='word_1_85' title='bbox 286 1131 526 1197; x_wconf 76' lang='lat' dir='ltr'><strong><em>dederit</em></strong></span> <span class='ocrx_word' id='word_1_86' title='bbox 568 1133 679 1214; x_wconf 79' lang='lat' dir='ltr'>qui</span> <span class='ocrx_word' id='word_1_87' title='bbox 723 1133 1071 1216; x_wconf 74' lang='lat' dir='ltr'>contraxit,</span> <span class='ocrx_word' id='word_1_88' title='bbox 1121 1132 1191 1197; x_wconf 92' lang='lat' dir='ltr'>in</span> <span class='ocrx_word' id='word_1_89' title='bbox 1235 1153 1373 1196; x_wconf 88' lang='lat' dir='ltr'>rem</span> <span class='ocrx_word' id='word_1_90' title='bbox 1417 1132 1624 1216; x_wconf 88' lang='lat' dir='ltr'>patris</span> <span class='ocrx_word' id='word_1_91' title='bbox 1680 1131 2009 1196; x_wconf 79' lang='lat' dir='ltr'>dominius</span> <span class='ocrx_word' id='word_1_92' title='bbox 2063 1152 2323 1195; x_wconf 87' lang='lat' dir='ltr'>uersum</span> 
     </span>
     <span class='ocr_line' id='line_1_12' title="bbox 286 1220 2325 1306; baseline 0 -22"><span class='ocrx_word' id='word_1_93' title='bbox 286 1242 441 1304; x_wconf 89' lang='lat' dir='ltr'>esse,</span> <span class='ocrx_word' id='word_1_94' title='bbox 487 1220 568 1286; x_wconf 93' lang='lat' dir='ltr'>ad</span> <span class='ocrx_word' id='word_1_95' title='bbox 612 1220 782 1286; x_wconf 89' lang='lat' dir='ltr'>hanc</span> <span class='ocrx_word' id='word_1_96' title='bbox 825 1222 1148 1286; x_wconf 80' lang='lat' dir='ltr'>actionem</span> <span class='ocrx_word' id='word_1_97' title='bbox 1194 1222 1468 1287; x_wconf 87' lang='lat' dir='ltr'>transire</span> <span class='ocrx_word' id='word_1_98' title='bbox 1515 1220 1730 1306; x_wconf 83' lang='lat' dir='ltr'>debet3</span> <span class='ocrx_word' id='word_1_99' title='bbox 1785 1243 1963 1304; x_wconf 87' lang='lat' dir='ltr'>nam,</span> <span class='ocrx_word' id='word_1_100' title='bbox 2009 1224 2084 1284; x_wconf 87' lang='lat' dir='ltr'>ut</span> <span class='ocrx_word' id='word_1_101' title='bbox 2128 1240 2325 1303; x_wconf 86' lang='lat' dir='ltr'>supra</span> 
     </span>
     <span class='ocr_line' id='line_1_13' title="bbox 284 1308 2321 1397; baseline 0 -24"><span class='ocrx_word' id='word_1_102' title='bbox 284 1308 585 1395; x_wconf 84' lang='lat' dir='ltr'>diximus,</span> <span class='ocrx_word' id='word_1_103' title='bbox 626 1329 635 1397; x_wconf 80' lang='grc' dir='ltr'>Ι</span> <span class='ocrx_word' id='word_1_104' title='bbox 676 1310 896 1376; x_wconf 89' lang='lat' dir='ltr'>eadem</span> <span class='ocrx_word' id='word_1_105' title='bbox 951 1311 1233 1376; x_wconf 86' lang='lat' dir='ltr'>formula</span> <span class='ocrx_word' id='word_1_106' title='bbox 1277 1316 1342 1376; x_wconf 90' lang='lat' dir='ltr'>et</span> <span class='ocrx_word' id='word_1_107' title='bbox 1388 1310 1466 1376; x_wconf 91' lang='lat' dir='ltr'>de</span> <span class='ocrx_word' id='word_1_108' title='bbox 1519 1309 1774 1396; x_wconf 85' lang='lat' dir='ltr'>peculio</span> <span class='ocrx_word' id='word_1_109' title='bbox 1830 1313 1896 1375; x_wconf 89' lang='lat' dir='ltr'>et</span> <span class='ocrx_word' id='word_1_110' title='bbox 1940 1310 2018 1374; x_wconf 91' lang='lat' dir='ltr'>de</span> <span class='ocrx_word' id='word_1_111' title='bbox 2061 1311 2132 1374; x_wconf 88' lang='lat' dir='ltr'>in</span> <span class='ocrx_word' id='word_1_112' title='bbox 2185 1330 2321 1373; x_wconf 89' lang='lat' dir='ltr'>rem</span> 
     </span>
     <span class='ocr_line' id='line_1_14' title="bbox 283 1399 755 1486; baseline 0.002 -23"><span class='ocrx_word' id='word_1_113' title='bbox 283 1420 475 1464; x_wconf 87' lang='lat' dir='ltr'>uerso</span> <span class='ocrx_word' id='word_1_114' title='bbox 523 1399 755 1486; x_wconf 81' lang='lat' dir='ltr'>agitur.</span> 
     </span>
    </p>
   </div>
   <div class='ocr_carea' id='block_1_3' title="bbox 284 1505 2327 2307">
    <p class='ocr_par' dir='ltr' id='par_1_3' title="bbox 284 1505 2327 2307">
     <span class='ocr_line' id='line_1_15' title="bbox 422 1505 2326 1590; baseline 0.001 -18"><span class='ocrx_word' id='word_1_115' title='bbox 422 1507 514 1572; x_wconf 83' lang='lat'>75.</span> <span class='ocrx_word' id='word_1_116' title='bbox 561 1505 663 1571; x_wconf 82' lang='lat' dir='ltr'>Ex</span> <span class='ocrx_word' id='word_1_117' title='bbox 728 1505 1083 1573; x_wconf 83' lang='lat' dir='ltr'>maleficio⁴</span> <span class='ocrx_word' id='word_1_118' title='bbox 1144 1507 1430 1572; x_wconf 89' lang='lat' dir='ltr'>filiorum</span> <span class='ocrx_word' id='word_1_119' title='bbox 1493 1506 1774 1573; x_wconf 81' lang='lat' dir='ltr'>familias</span> <span class='ocrx_word' id='word_1_120' title='bbox 1848 1527 2326 1590; x_wconf 70' lang='lat' dir='ltr'>seruorumque,</span> 
     </span>
     <span class='ocr_line' id='line_1_16' title="bbox 285 1594 2327 1677; baseline 0 -19"><span class='ocrx_word' id='word_1_121' title='bbox 285 1594 492 1659; x_wconf 87' lang='lat' dir='ltr'>ueluti</span> <span class='ocrx_word' id='word_1_122' title='bbox 556 1596 613 1660; x_wconf 90' lang='lat' dir='ltr'>si</span> <span class='ocrx_word' id='word_1_123' title='bbox 673 1596 923 1661; x_wconf 83' lang='lat' dir='ltr'>furtum</span> <span class='ocrx_word' id='word_1_124' title='bbox 985 1596 1259 1661; x_wconf 83' lang='lat' dir='ltr'>fecerint</span> <span class='ocrx_word' id='word_1_125' title='bbox 1321 1601 1436 1661; x_wconf 83' lang='lat' dir='ltr'>aut</span> <span class='ocrx_word' id='word_1_126' title='bbox 1497 1597 1801 1661; x_wconf 89' lang='lat' dir='ltr'>iniuriam</span> <span class='ocrx_word' id='word_1_127' title='bbox 1867 1595 2327 1677; x_wconf 80' lang='lat' dir='ltr'>commiserint,</span> 
     </span>
     <span class='ocr_line' id='line_1_17' title="bbox 284 1684 2326 1770; baseline 0 -22"><span class='ocrx_word' id='word_1_128' title='bbox 284 1684 551 1749; x_wconf 80' lang='lat' dir='ltr'>noxales</span> <span class='ocrx_word' id='word_1_129' title='bbox 598 1686 884 1750; x_wconf 82' lang='lat' dir='ltr'>actiones</span> <span class='ocrx_word' id='word_1_130' title='bbox 931 1685 1223 1769; x_wconf 87' lang='lat' dir='ltr'>proditae</span> <span class='ocrx_word' id='word_1_131' title='bbox 1270 1690 1441 1770; x_wconf 86' lang='lat' dir='ltr'>sunt,</span> <span class='ocrx_word' id='word_1_132' title='bbox 1487 1685 1584 1750; x_wconf 90' lang='lat' dir='ltr'>uti</span> <span class='ocrx_word' id='word_1_133' title='bbox 1628 1686 1854 1751; x_wconf 88' lang='lat' dir='ltr'>liceret</span> <span class='ocrx_word' id='word_1_134' title='bbox 1898 1686 2070 1769; x_wconf 85' lang='lat' dir='ltr'>patri</span> <span class='ocrx_word' id='word_1_135' title='bbox 2126 1684 2326 1750; x_wconf 92' lang='lat' dir='ltr'>domi-</span> 
     </span>
     <span class='ocr_line' id='line_1_18' title="bbox 284 1773 2323 1840; baseline 0 -2"><span class='ocrx_word' id='word_1_136' title='bbox 284 1795 456 1839; x_wconf 89' lang='lat' dir='ltr'>noue</span> <span class='ocrx_word' id='word_1_137' title='bbox 492 1777 606 1839; x_wconf 88' lang='lat' dir='ltr'>aut</span> <span class='ocrx_word' id='word_1_138' title='bbox 641 1774 780 1838; x_wconf 89' lang='lat' dir='ltr'>litis</span> <span class='ocrx_word' id='word_1_139' title='bbox 827 1773 1342 1840; x_wconf 87' lang='lat' dir='ltr'>aestimationem</span> <span class='ocrx_word' id='word_1_140' title='bbox 1382 1774 1649 1840; x_wconf 86' lang='lat' dir='ltr'>sufferre</span> <span class='ocrx_word' id='word_1_141' title='bbox 1687 1777 1798 1839; x_wconf 90' lang='lat' dir='ltr'>aut</span> <span class='ocrx_word' id='word_1_142' title='bbox 1834 1795 2041 1839; x_wconf 85' lang='lat' dir='ltr'>noxae</span> <span class='ocrx_word' id='word_1_143' title='bbox 2080 1773 2323 1838; x_wconf 87' lang='lat' dir='ltr'>dedere.</span> 
     </span>
     <span class='ocr_line' id='line_1_19' title="bbox 287 1863 2324 1948; baseline 0 -21"><span class='ocrx_word' id='word_1_144' title='bbox 287 1867 426 1927; x_wconf 89' lang='lat' dir='ltr'>erat</span> <span class='ocrx_word' id='word_1_145' title='bbox 492 1864 662 1927; x_wconf 87' lang='lat' dir='ltr'>enim</span> <span class='ocrx_word' id='word_1_146' title='bbox 727 1864 1023 1948; x_wconf 87' lang='lat' dir='ltr'>iniquum</span> <span class='ocrx_word' id='word_1_147' title='bbox 1086 1863 1449 1947; x_wconf 85' lang='lat' dir='ltr'>nequitiam</span> <span class='ocrx_word' id='word_1_148' title='bbox 1514 1885 1735 1929; x_wconf 88' lang='lat' dir='ltr'>eorum</span> <span class='ocrx_word' id='word_1_149' title='bbox 1798 1863 1972 1928; x_wconf 84' lang='lat' dir='ltr'>ultra</span> <span class='ocrx_word' id='word_1_150' title='bbox 2034 1864 2324 1948; x_wconf 86' lang='lat' dir='ltr'>ipsorum</span> 
     </span>
     <span class='ocr_line' id='line_1_20' title="bbox 286 1950 2325 2038; baseline -0 -21"><span class='ocrx_word' id='word_1_151' title='bbox 286 1973 558 2038; x_wconf 87' lang='lat' dir='ltr'>corpora</span> <span class='ocrx_word' id='word_1_152' title='bbox 584 1952 960 2037; x_wconf 87' lang='lat' dir='ltr'>parentibus</span> <span class='ocrx_word' id='word_1_153' title='bbox 989 1952 1351 2018; x_wconf 90' lang='lat' dir='ltr'>dominisue</span> <span class='ocrx_word' id='word_1_154' title='bbox 1385 1953 1756 2019; x_wconf 85' lang='lat' dir='ltr'>damnosam</span> <span class='ocrx_word' id='word_1_155' title='bbox 1788 1974 1942 2017; x_wconf 86' lang='lat' dir='ltr'>esse.</span> <span class='ocrx_word' id='word_1_156' title='bbox 2029 1953 2118 2019; x_wconf 82' lang='lat'>76.</span> <span class='ocrx_word' id='word_1_157' title='bbox 2160 1950 2325 2018; x_wconf 86' lang='lat' dir='ltr'>Con-</span> 
     </span>
     <span class='ocr_line' id='line_1_21' title="bbox 286 2041 2324 2128; baseline -0.001 -21"><span class='ocrx_word' id='word_1_158' title='bbox 286 2043 551 2107; x_wconf 86' lang='lat' dir='ltr'>stitutae</span> <span class='ocrx_word' id='word_1_159' title='bbox 602 2047 754 2107; x_wconf 89' lang='lat' dir='ltr'>sunt</span> <span class='ocrx_word' id='word_1_160' title='bbox 808 2046 1024 2107; x_wconf 89' lang='lat' dir='ltr'>autem</span> <span class='ocrx_word' id='word_1_161' title='bbox 1078 2043 1346 2108; x_wconf 86' lang='lat' dir='ltr'>noxales</span> <span class='ocrx_word' id='word_1_162' title='bbox 1401 2043 1686 2107; x_wconf 88' lang='lat' dir='ltr'>actiones</span> <span class='ocrx_word' id='word_1_163' title='bbox 1745 2046 1857 2106; x_wconf 89' lang='lat' dir='ltr'>aut</span> <span class='ocrx_word' id='word_1_164' title='bbox 1908 2041 2164 2128; x_wconf 82' lang='lat' dir='ltr'>legibus</span> <span class='ocrx_word' id='word_1_165' title='bbox 2211 2043 2324 2106; x_wconf 89' lang='lat' dir='ltr'>aut</span> 
     </span>
     <span class='ocr_line' id='line_1_22' title="bbox 286 2130 2325 2218; baseline 0 -23"><span class='ocrx_word' id='word_1_166' title='bbox 286 2131 497 2197; x_wconf 86' lang='lat' dir='ltr'>edicto</span> <span class='ocrx_word' id='word_1_167' title='bbox 553 2132 896 2216; x_wconf 85' lang='lat' dir='ltr'>praetoris:</span> <span class='ocrx_word' id='word_1_168' title='bbox 960 2131 1241 2217; x_wconf 82' lang='lat' dir='ltr'>legibus,</span> <span class='ocrx_word' id='word_1_169' title='bbox 1306 2133 1490 2196; x_wconf 85' lang='lat' dir='ltr'>uelut</span> <span class='ocrx_word' id='word_1_170' title='bbox 1533 2132 1695 2197; x_wconf 80' lang='lat' dir='ltr'>furti</span> <span class='ocrx_word' id='word_1_171' title='bbox 1738 2131 1885 2218; x_wconf 86' lang='lat' dir='ltr'>lege</span> <span class='ocrx_word' id='word_1_172' title='bbox 1929 2149 2031 2196; x_wconf 88' lang='lat' dir='ltr'>xn</span> <span class='ocrx_word' id='word_1_173' title='bbox 2080 2130 2325 2196; x_wconf 84' lang='lat' dir='ltr'>tabula-</span> 
     </span>
     <span class='ocr_line' id='line_1_23' title="bbox 285 2218 2325 2307; baseline 0 -22"><span class='ocrx_word' id='word_1_174' title='bbox 285 2243 457 2307; x_wconf 86' lang='lat' dir='ltr'>rum,</span> <span class='ocrx_word' id='word_1_175' title='bbox 524 2221 741 2286; x_wconf 87' lang='lat' dir='ltr'>damni</span> <span class='ocrx_word' id='word_1_176' title='bbox 804 2221 1077 2286; x_wconf 88' lang='lat' dir='ltr'>iniuriae</span> <span class='ocrx_word' id='word_1_177' title='bbox 1135 2218 1317 2307; x_wconf 81' lang='lat' dir='ltr'>lege⁶</span> <span class='ocrx_word' id='word_1_178' title='bbox 1361 2220 1655 2306; x_wconf 81' lang='lat' dir='ltr'>Aquilia3</span> <span class='ocrx_word' id='word_1_179' title='bbox 1719 2220 1928 2286; x_wconf 83' lang='lat' dir='ltr'>edicto</span> <span class='ocrx_word' id='word_1_180' title='bbox 1992 2220 2325 2306; x_wconf 86' lang='lat' dir='ltr'>praetoris,</span> 
     </span>
    </p>
   </div>
   <div class='ocr_carea' id='block_1_4' title="bbox 283 2376 712 2383">
    <p class='ocr_par' dir='ltr' id='par_1_4' title="bbox 283 2376 712 2383">
     <span class='ocr_line' id='line_1_24' title="bbox 283 2376 712 2383; baseline 0 0"><span class='ocrx_word' id='word_1_181' title='bbox 283 2376 712 2383; x_wconf 95' lang='lat' dir='ltr'> </span> 
     </span>
    </p>
   </div>
   <div class='ocr_carea' id='block_1_5' title="bbox 288 2467 2326 2683">
    <p class='ocr_par' dir='ltr' id='par_1_5' title="bbox 288 2467 2326 2683">
     <span class='ocr_line' id='line_1_25' title="bbox 433 2467 2027 2541; baseline 0 -18"><span class='ocrx_word' id='word_1_182' title='bbox 433 2470 484 2538; x_wconf 85' lang='lat'>1)</span> <span class='ocrx_word' id='word_1_183' title='bbox 524 2469 595 2523; x_wconf 86' lang='lat' dir='ltr'>de</span> <span class='ocrx_word' id='word_1_184' title='bbox 631 2468 855 2539; x_wconf 81' lang='lat' dir='ltr'>peculio</span> <span class='ocrx_word' id='word_1_185' title='bbox 892 2467 1104 2538; x_wconf 87' lang='lat' dir='ltr'>peculii</span> <span class='ocrx_word' id='word_1_186' title='bbox 1142 2470 1396 2541; x_wconf 70' lang='lat' dir='ltr'>Krueqer</span> <span class='ocrx_word' id='word_1_187' title='bbox 1431 2472 1548 2525; x_wconf 82' lang='lat' dir='ltr'>coll.</span> <span class='ocrx_word' id='word_1_188' title='bbox 1578 2470 1714 2541; x_wconf 73' lang='lat' dir='ltr'><strong><em>Diy.</em></strong></span> <span class='ocrx_word' id='word_1_189' title='bbox 1747 2475 1831 2536; x_wconf 92' lang='lat'>14,</span> <span class='ocrx_word' id='word_1_190' title='bbox 1860 2475 1912 2535; x_wconf 88' lang='lat'>4,</span> <span class='ocrx_word' id='word_1_191' title='bbox 1944 2475 2027 2523; x_wconf 92' lang='lat'>11.</span> 
     </span>
     <span class='ocr_line' id='line_1_26' title="bbox 288 2539 2326 2611; baseline 0.001 -19"><span class='ocrx_word' id='word_1_192' title='bbox 288 2542 342 2611; x_wconf 83' lang='grc'>2)</span> <span class='ocrx_word' id='word_1_193' title='bbox 381 2542 438 2594; x_wconf 87' lang='lat' dir='ltr'>et</span> <span class='ocrx_word' id='word_1_194' title='bbox 455 2540 521 2595; x_wconf 90' lang='lat' dir='ltr'>V.</span> <span class='ocrx_word' id='word_1_195' title='bbox 689 2543 742 2610; x_wconf 90' lang='grc'>3)</span> <span class='ocrx_word' id='word_1_196' title='bbox 783 2539 884 2593; x_wconf 92' lang='lat' dir='ltr'>alii</span> <span class='ocrx_word' id='word_1_197' title='bbox 920 2539 972 2594; x_wconf 89' lang='lat' dir='ltr'><strong>V</strong></span> <span class='ocrx_word' id='word_1_198' title='bbox 1162 2542 1215 2611; x_wconf 88' lang='lat'>4)</span> <span class='ocrx_word' id='word_1_199' title='bbox 1253 2540 1549 2596; x_wconf 88' lang='lat' dir='ltr'>maleficiis</span> <span class='ocrx_word' id='word_1_200' title='bbox 1586 2544 1725 2597; x_wconf 73' lang='lat' dir='ltr'>Inst.</span> <span class='ocrx_word' id='word_1_201' title='bbox 1764 2543 1854 2596; x_wconf 82' lang='lat' dir='ltr'>hic</span> <span class='ocrx_word' id='word_1_202' title='bbox 1889 2547 1941 2595; x_wconf 83' lang='lat' dir='ltr'>et</span> <span class='ocrx_word' id='word_1_203' title='bbox 1975 2546 2005 2606; x_wconf 65' lang='lat' dir='ltr'>g</span> <span class='ocrx_word' id='word_1_204' title='bbox 2046 2545 2176 2608; x_wconf 79' lang='lat'>1123</span> <span class='ocrx_word' id='word_1_205' title='bbox 2230 2540 2326 2595; x_wconf 78' lang='lat' dir='ltr'>sod</span> 
     </span>
     <span class='ocr_line' id='line_1_27' title="bbox 288 2611 2179 2683; baseline 0.002 -19"><span class='ocrx_word' id='word_1_206' title='bbox 288 2611 565 2666; x_wconf 86' lang='lat' dir='ltr'>maleficio</span> <span class='ocrx_word' id='word_1_207' title='bbox 602 2619 681 2683; x_wconf 71' lang='lat' dir='ltr'>est</span> <span class='ocrx_word' id='word_1_208' title='bbox 720 2612 1035 2667; x_wconf 75' lang='lat' dir='ltr'>Gaianum:</span> <span class='ocrx_word' id='word_1_209' title='bbox 1089 2612 1223 2682; x_wconf 63' lang='lat' dir='ltr'>Dia.</span> <span class='ocrx_word' id='word_1_210' title='bbox 1262 2618 1351 2680; x_wconf 94' lang='lat'>44,</span> <span class='ocrx_word' id='word_1_211' title='bbox 1382 2618 1432 2681; x_wconf 92' lang='grc'>7,</span> <span class='ocrx_word' id='word_1_212' title='bbox 1460 2619 1510 2667; x_wconf 91' lang='grc'>4.</span> <span class='ocrx_word' id='word_1_213' title='bbox 1659 2615 1711 2683; x_wconf 78' lang='grc' dir='ltr'><strong>ὁ)</strong></span> <span class='ocrx_word' id='word_1_214' title='bbox 1751 2611 1911 2667; x_wconf 83' lang='lat' dir='ltr'>uelut</span> <span class='ocrx_word' id='word_1_215' title='bbox 1945 2611 2074 2682; x_wconf 85' lang='lat' dir='ltr'>lege</span> <span class='ocrx_word' id='word_1_216' title='bbox 2111 2611 2179 2667; x_wconf 86' lang='lat' dir='ltr'>V.</span> 
     </span>
    </p>
   </div>
   <div class='ocr_carea' id='block_1_6' title="bbox 287 2751 714 2758">
    <p class='ocr_par' dir='ltr' id='par_1_6' title="bbox 287 2751 714 2758">
     <span class='ocr_line' id='line_1_28' title="bbox 287 2751 714 2758; baseline 0 0"><span class='ocrx_word' id='word_1_217' title='bbox 287 2751 714 2758; x_wconf 95' lang='lat' dir='ltr'> </span> 
     </span>
    </p>
   </div>
   <div class='ocr_carea' id='block_1_7' title="bbox 284 2846 2324 3631">
    <p class='ocr_par' dir='ltr' id='par_1_7' title="bbox 285 2846 2324 3202">
     <span class='ocr_line' id='line_1_29' title="bbox 431 2846 2321 2916; baseline 0.001 -18"><span class='ocrx_word' id='word_1_218' title='bbox 431 2849 461 2909; x_wconf 64' lang='lat' dir='ltr'>g</span> <span class='ocrx_word' id='word_1_219' title='bbox 504 2849 587 2898; x_wconf 82' lang='lat'>75.</span> <span class='ocrx_word' id='word_1_220' title='bbox 626 2871 695 2890; x_wconf 92' lang='lat'><strong>=</strong></span> <span class='ocrx_word' id='word_1_221' title='bbox 726 2846 774 2898; x_wconf 91' lang='lat'>1.</span> <span class='ocrx_word' id='word_1_222' title='bbox 814 2850 865 2911; x_wconf 88' lang='lat'>4,</span> <span class='ocrx_word' id='word_1_223' title='bbox 894 2849 1058 2915; x_wconf 79' lang='lat' dir='ltr'>8pr.;</span> <span class='ocrx_word' id='word_1_224' title='bbox 1098 2851 1128 2898; x_wconf 84' lang='lat'><strong>2</strong></span> <span class='ocrx_word' id='word_1_225' title='bbox 1158 2846 1254 2912; x_wconf 71' lang='lat' dir='ltr'>fin.</span> <span class='ocrx_word' id='word_1_226' title='bbox 1312 2846 1383 2913; x_wconf 79' lang='lat' dir='ltr'>cf.</span> <span class='ocrx_word' id='word_1_227' title='bbox 1411 2863 1586 2916; x_wconf 75' lang='lat' dir='ltr'>supra</span> <span class='ocrx_word' id='word_1_228' title='bbox 1626 2851 1673 2912; x_wconf 91' lang='lat'>1,</span> <span class='ocrx_word' id='word_1_229' title='bbox 1706 2850 1825 2899; x_wconf 87' lang='lat'>140.</span> <span class='ocrx_word' id='word_1_230' title='bbox 1877 2846 2043 2901; x_wconf 78' lang='lat' dir='ltr'><strong><em>Paul.</em></strong></span> <span class='ocrx_word' id='word_1_231' title='bbox 2076 2852 2127 2914; x_wconf 91' lang='grc'>2,</span> <span class='ocrx_word' id='word_1_232' title='bbox 2156 2850 2242 2912; x_wconf 87' lang='grc'>31,</span> <span class='ocrx_word' id='word_1_233' title='bbox 2274 2850 2321 2899; x_wconf 92' lang='grc'>7.</span> 
     </span>
     <span class='ocr_line' id='line_1_30' title="bbox 285 2915 2322 2988; baseline 0 -18"><span class='ocrx_word' id='word_1_234' title='bbox 285 2916 362 2970; x_wconf 83' lang='grc'>1).</span> <span class='ocrx_word' id='word_1_235' title='bbox 403 2920 453 2982; x_wconf 95' lang='grc'>9,</span> <span class='ocrx_word' id='word_1_236' title='bbox 483 2922 588 2982; x_wconf 82' lang='grc'>4,1</span> <span class='ocrx_word' id='word_1_237' title='bbox 635 2915 789 2985; x_wconf 73' lang='lat' dir='ltr'>(Gai.</span> <span class='ocrx_word' id='word_1_238' title='bbox 813 2917 917 2986; x_wconf 95' lang='grc'><strong>72).</strong></span> <span class='ocrx_word' id='word_1_239' title='bbox 976 2921 1025 2983; x_wconf 92' lang='grc'>9,</span> <span class='ocrx_word' id='word_1_240' title='bbox 1055 2923 1105 2983; x_wconf 97' lang='grc'>4,</span> <span class='ocrx_word' id='word_1_241' title='bbox 1136 2922 1201 2970; x_wconf 98' lang='grc'>21</span> <span class='ocrx_word' id='word_1_242' title='bbox 1219 2922 1308 2985; x_wconf 61' lang='grc' dir='ltr'>ψ.</span> <span class='ocrx_word' id='word_1_243' title='bbox 1347 2915 1500 2987; x_wconf 73' lang='lat' dir='ltr'><strong><em>(Ulp.</em></strong></span> <span class='ocrx_word' id='word_1_244' title='bbox 1524 2921 1665 2983; x_wconf 82' lang='grc'><strong>680).</strong></span> <span class='ocrx_word' id='word_1_245' title='bbox 1724 2917 1781 2973; x_wconf 82' lang='lat'>0.</span> <span class='ocrx_word' id='word_1_246' title='bbox 1813 2922 1863 2983; x_wconf 83' lang='lat'>9,</span> <span class='ocrx_word' id='word_1_247' title='bbox 1891 2923 1978 2984; x_wconf 84' lang='lat'>41,</span> <span class='ocrx_word' id='word_1_248' title='bbox 2010 2923 2041 2970; x_wconf 88' lang='grc'><strong>2</strong></span> <span class='ocrx_word' id='word_1_249' title='bbox 2080 2921 2154 2986; x_wconf 81' lang='lat' dir='ltr'>(a.</span> <span class='ocrx_word' id='word_1_250' title='bbox 2180 2920 2322 2988; x_wconf 82' lang='lat'>239).</span> 
     </span>
     <span class='ocr_line' id='line_1_31' title="bbox 288 2987 2324 3060; baseline 0 -18"><span class='ocrx_word' id='word_1_251' title='bbox 288 2987 434 3042; x_wconf 68' lang='lat' dir='ltr'>Fest.</span> <span class='ocrx_word' id='word_1_252' title='bbox 492 3005 539 3042; x_wconf 87' lang='lat' dir='ltr'>v.</span> <span class='ocrx_word' id='word_1_253' title='bbox 587 2990 763 3041; x_wconf 76' lang='lat' dir='ltr'>noxia</span> <span class='ocrx_word' id='word_1_254' title='bbox 794 3004 850 3056; x_wconf 75' lang='lat' dir='ltr'>p.</span> <span class='ocrx_word' id='word_1_255' title='bbox 892 2993 995 3041; x_wconf 84' lang='lat'>174</span> <span class='ocrx_word' id='word_1_256' title='bbox 1035 2989 1269 3057; x_wconf 67' lang='grc' dir='ltr'>,(Βνιυηε</span> <span class='ocrx_word' id='word_1_257' title='bbox 1303 2988 1399 3055; x_wconf 84' lang='lat'>11⁶,</span> <span class='ocrx_word' id='word_1_258' title='bbox 1431 2991 1536 3060; x_wconf 91' lang='grc'><strong>17).</strong></span> <span class='ocrx_word' id='word_1_259' title='bbox 1597 2988 1784 3060; x_wconf 73' lang='lat' dir='ltr'>Quint.</span> <span class='ocrx_word' id='word_1_260' title='bbox 1815 2990 1968 3045; x_wconf 75' lang='lat' dir='ltr'>Docl.</span> <span class='ocrx_word' id='word_1_261' title='bbox 2006 2995 2058 3055; x_wconf 87' lang='lat'>4,</span> <span class='ocrx_word' id='word_1_262' title='bbox 2088 2995 2138 3043; x_wconf 83' lang='lat'>5.</span> <span class='ocrx_word' id='word_1_263' title='bbox 2203 2991 2324 3043; x_wconf 89' lang='lat' dir='ltr'>erat</span> 
     </span>
     <span class='ocr_line' id='line_1_32' title="bbox 287 3057 2321 3130; baseline 0.002 -19"><span class='ocrx_word' id='word_1_264' title='bbox 287 3057 437 3112; x_wconf 78' lang='lat' dir='ltr'>enim</span> <span class='ocrx_word' id='word_1_265' title='bbox 492 3058 776 3130; x_wconf 82' lang='lat' dir='ltr'>iniquum]</span> <span class='ocrx_word' id='word_1_266' title='bbox 831 3059 899 3126; x_wconf 76' lang='lat' dir='ltr'>cf.</span> <span class='ocrx_word' id='word_1_267' title='bbox 959 3060 1034 3114; x_wconf 87' lang='lat' dir='ltr'>D.</span> <span class='ocrx_word' id='word_1_268' title='bbox 1074 3066 1160 3126; x_wconf 89' lang='grc'>47,</span> <span class='ocrx_word' id='word_1_269' title='bbox 1191 3066 1240 3128; x_wconf 88' lang='grc'>2,</span> <span class='ocrx_word' id='word_1_270' title='bbox 1271 3066 1339 3114; x_wconf 91' lang='grc'><strong>62</strong></span> <span class='ocrx_word' id='word_1_271' title='bbox 1361 3062 1490 3130; x_wconf 89' lang='grc'><strong>(61),</strong></span> <span class='ocrx_word' id='word_1_272' title='bbox 1529 3067 1560 3114; x_wconf 81' lang='lat'><strong>5</strong></span> <span class='ocrx_word' id='word_1_273' title='bbox 1618 3061 1766 3130; x_wconf 80' lang='lat' dir='ltr'><strong><em>(Afr.</em></strong></span> <span class='ocrx_word' id='word_1_274' title='bbox 1809 3063 1949 3130; x_wconf 88' lang='lat'>110).</span> <span class='ocrx_word' id='word_1_275' title='bbox 2027 3066 2076 3127; x_wconf 90' lang='lat'>9,</span> <span class='ocrx_word' id='word_1_276' title='bbox 2105 3067 2156 3128; x_wconf 90' lang='lat'>4,</span> <span class='ocrx_word' id='word_1_277' title='bbox 2186 3067 2218 3115; x_wconf 88' lang='grc'><strong>2</strong></span> <span class='ocrx_word' id='word_1_278' title='bbox 2229 3077 2321 3130; x_wconf 76' lang='lat' dir='ltr'>pr.</span> 
     </span>
     <span class='ocr_line' id='line_1_33' title="bbox 287 3130 2108 3202; baseline 0.001 -17"><span class='ocrx_word' id='word_1_279' title='bbox 287 3130 445 3200; x_wconf 68' lang='grc' dir='ltr'><strong>(τηρ.</strong></span> <span class='ocrx_word' id='word_1_280' title='bbox 487 3132 628 3200; x_wconf 90' lang='grc'><strong>619).</strong></span> <span class='ocrx_word' id='word_1_281' title='bbox 688 3135 774 3196; x_wconf 79' lang='grc'>39,</span> <span class='ocrx_word' id='word_1_282' title='bbox 805 3137 854 3196; x_wconf 88' lang='grc'>2,</span> <span class='ocrx_word' id='word_1_283' title='bbox 886 3137 935 3197; x_wconf 93' lang='grc'>7,</span> <span class='ocrx_word' id='word_1_284' title='bbox 968 3136 993 3183; x_wconf 86' lang='grc'>1</span> <span class='ocrx_word' id='word_1_285' title='bbox 1037 3132 1140 3201; x_wconf 83' lang='lat' dir='ltr'>(Ul</span> <span class='ocrx_word' id='word_1_286' title='bbox 1180 3174 1191 3186; x_wconf 93' lang='lat'><strong><em>.</em></strong></span> <span class='ocrx_word' id='word_1_287' title='bbox 1235 3136 1411 3201; x_wconf 90' lang='grc'><strong>1272).</strong></span> <span class='ocrx_word' id='word_1_288' title='bbox 1468 3138 1518 3198; x_wconf 96' lang='grc'>2,</span> <span class='ocrx_word' id='word_1_289' title='bbox 1551 3136 1634 3199; x_wconf 92' lang='lat'>10,</span> <span class='ocrx_word' id='word_1_290' title='bbox 1666 3138 1696 3185; x_wconf 89' lang='grc'><strong>2</strong></span> <span class='ocrx_word' id='word_1_291' title='bbox 1737 3132 1923 3202; x_wconf 77' lang='lat' dir='ltr'>(Paul.</span> <span class='ocrx_word' id='word_1_292' title='bbox 1966 3136 2108 3202; x_wconf 80' lang='lat'><strong><em>155).</em></strong></span> 
     </span>
    </p>

    <p class='ocr_par' dir='ltr' id='par_1_8' title="bbox 284 3149 2323 3631">
     <span class='ocr_line' id='line_1_34' title="bbox 429 3149 2321 3275; baseline 0.002 -21"><span class='ocrx_word' id='word_1_293' title='bbox 429 3206 460 3267; x_wconf 64' lang='grc' dir='ltr'>ξ</span> <span class='ocrx_word' id='word_1_294' title='bbox 501 3207 583 3255; x_wconf 81' lang='grc'>76.</span> <span class='ocrx_word' id='word_1_295' title='bbox 644 3228 710 3248; x_wconf 94' lang='grc'>--</span> <span class='ocrx_word' id='word_1_296' title='bbox 741 3204 790 3256; x_wconf 91' lang='lat' dir='ltr'>I.</span> <span class='ocrx_word' id='word_1_297' title='bbox 830 3207 880 3268; x_wconf 86' lang='lat'>4,</span> <span class='ocrx_word' id='word_1_298' title='bbox 911 3207 961 3268; x_wconf 88' lang='grc'>8,</span> <span class='ocrx_word' id='word_1_299' title='bbox 991 3208 1041 3256; x_wconf 90' lang='grc'><strong>4.</strong></span> <span class='ocrx_word' id='word_1_300' title='bbox 1124 3149 1251 3272; x_wconf 53' lang='lat' dir='ltr'>{ege</span> <span class='ocrx_word' id='word_1_301' title='bbox 1305 3223 1387 3257; x_wconf 64' lang='grc' dir='ltr'>ιιι</span> <span class='ocrx_word' id='word_1_302' title='bbox 1441 3203 1582 3275; x_wconf 86' lang='lat' dir='ltr'>tab.]</span> <span class='ocrx_word' id='word_1_303' title='bbox 1641 3210 1726 3270; x_wconf 83' lang='lat'>12,</span> <span class='ocrx_word' id='word_1_304' title='bbox 1757 3209 1787 3257; x_wconf 89' lang='grc'><strong>2</strong></span> <span class='ocrx_word' id='word_1_305' title='bbox 1846 3204 2062 3275; x_wconf 65' lang='lat' dir='ltr'>(Bu-uns</span> <span class='ocrx_word' id='word_1_306' title='bbox 2114 3202 2184 3270; x_wconf 84' lang='lat'>1⁶,</span> <span class='ocrx_word' id='word_1_307' title='bbox 2215 3206 2321 3273; x_wconf 83' lang='lat'><strong><em>38).</em></strong></span> 
     </span>
     <span class='ocr_line' id='line_1_35' title="bbox 286 3273 2323 3346; baseline 0.001 -19"><span class='ocrx_word' id='word_1_308' title='bbox 286 3273 355 3339; x_wconf 80' lang='lat' dir='ltr'>cf.</span> <span class='ocrx_word' id='word_1_309' title='bbox 396 3273 471 3327; x_wconf 86' lang='lat' dir='ltr'>D.</span> <span class='ocrx_word' id='word_1_310' title='bbox 511 3278 598 3339; x_wconf 83' lang='lat'>50,</span> <span class='ocrx_word' id='word_1_311' title='bbox 632 3279 714 3339; x_wconf 90' lang='grc'>16,</span> <span class='ocrx_word' id='word_1_312' title='bbox 745 3278 865 3341; x_wconf 80' lang='grc'><strong>233,</strong></span> <span class='ocrx_word' id='word_1_313' title='bbox 897 3278 928 3325; x_wconf 87' lang='grc'><strong>3</strong></span> <span class='ocrx_word' id='word_1_314' title='bbox 987 3275 1140 3344; x_wconf 75' lang='lat' dir='ltr'>(Gai.</span> <span class='ocrx_word' id='word_1_315' title='bbox 1177 3277 1323 3344; x_wconf 83' lang='lat'>445).</span> <span class='ocrx_word' id='word_1_316' title='bbox 1391 3280 1439 3341; x_wconf 92' lang='lat'>9,</span> <span class='ocrx_word' id='word_1_317' title='bbox 1469 3280 1520 3342; x_wconf 91' lang='lat'>4,</span> <span class='ocrx_word' id='word_1_318' title='bbox 1550 3282 1600 3342; x_wconf 88' lang='grc'>2,</span> <span class='ocrx_word' id='word_1_319' title='bbox 1632 3282 1659 3329; x_wconf 91' lang='grc'>1</span> <span class='ocrx_word' id='word_1_320' title='bbox 1721 3277 1873 3346; x_wconf 79' lang='lat' dir='ltr'><strong><em>(Ulp.</em></strong></span> <span class='ocrx_word' id='word_1_321' title='bbox 1910 3279 2054 3346; x_wconf 88' lang='grc'><strong>619).</strong></span> <span class='ocrx_word' id='word_1_322' title='bbox 2129 3275 2323 3330; x_wconf 77' lang='lat' dir='ltr'>damni</span> 
     </span>
     <span class='ocr_line' id='line_1_36' title="bbox 286 3343 2322 3418; baseline 0.002 -22"><span class='ocrx_word' id='word_1_323' title='bbox 286 3343 550 3416; x_wconf 83' lang='lat' dir='ltr'>iniuriae]</span> <span class='ocrx_word' id='word_1_324' title='bbox 598 3345 667 3410; x_wconf 81' lang='lat' dir='ltr'>cf.</span> <span class='ocrx_word' id='word_1_325' title='bbox 707 3345 783 3399; x_wconf 88' lang='lat' dir='ltr'>D.</span> <span class='ocrx_word' id='word_1_326' title='bbox 826 3350 874 3411; x_wconf 89' lang='grc'>9,</span> <span class='ocrx_word' id='word_1_327' title='bbox 906 3350 955 3411; x_wconf 93' lang='grc'>2,</span> <span class='ocrx_word' id='word_1_328' title='bbox 986 3350 1071 3412; x_wconf 87' lang='grc'>27,</span> <span class='ocrx_word' id='word_1_329' title='bbox 1105 3352 1168 3400; x_wconf 93' lang='grc'>11</span> <span class='ocrx_word' id='word_1_330' title='bbox 1200 3372 1267 3391; x_wconf 90' lang='lat'>=</span> <span class='ocrx_word' id='word_1_331' title='bbox 1301 3347 1434 3402; x_wconf 73' lang='lat' dir='ltr'>Gon.</span> <span class='ocrx_word' id='word_1_332' title='bbox 1477 3352 1561 3414; x_wconf 89' lang='grc'>12,</span> <span class='ocrx_word' id='word_1_333' title='bbox 1593 3353 1642 3415; x_wconf 89' lang='grc'><strong>7,</strong></span> <span class='ocrx_word' id='word_1_334' title='bbox 1673 3352 1705 3401; x_wconf 85' lang='grc'>9</span> <span class='ocrx_word' id='word_1_335' title='bbox 1752 3347 1906 3418; x_wconf 79' lang='lat' dir='ltr'>(Ulp.</span> <span class='ocrx_word' id='word_1_336' title='bbox 1946 3351 2088 3417; x_wconf 85' lang='grc'><strong>623).</strong></span> <span class='ocrx_word' id='word_1_337' title='bbox 2154 3349 2231 3403; x_wconf 88' lang='lat' dir='ltr'>D.</span> <span class='ocrx_word' id='word_1_338' title='bbox 2272 3352 2322 3414; x_wconf 87' lang='lat'>9,</span> 
     </span>
     <span class='ocr_line' id='line_1_37' title="bbox 285 3418 2321 3492; baseline 0.002 -23"><span class='ocrx_word' id='word_1_339' title='bbox 285 3422 338 3483; x_wconf 80' lang='lat'>4,</span> <span class='ocrx_word' id='word_1_340' title='bbox 370 3420 436 3469; x_wconf 89' lang='grc'>19</span> <span class='ocrx_word' id='word_1_341' title='bbox 446 3434 536 3485; x_wconf 77' lang='lat' dir='ltr'>pr.</span> <span class='ocrx_word' id='word_1_342' title='bbox 595 3418 783 3486; x_wconf 76' lang='lat' dir='ltr'>(Paul.</span> <span class='ocrx_word' id='word_1_343' title='bbox 822 3421 954 3483; x_wconf 84' lang='grc'><strong>370,</strong></span> <span class='ocrx_word' id='word_1_344' title='bbox 1000 3419 1069 3484; x_wconf 76' lang='lat' dir='ltr'>cf.</span> <span class='ocrx_word' id='word_1_345' title='bbox 1110 3422 1239 3483; x_wconf 80' lang='grc'><strong>363,</strong></span> <span class='ocrx_word' id='word_1_346' title='bbox 1279 3422 1412 3484; x_wconf 84' lang='grc'><strong>369,</strong></span> <span class='ocrx_word' id='word_1_347' title='bbox 1450 3421 1772 3489; x_wconf 83' lang='grc'><strong>371-373).</strong></span> <span class='ocrx_word' id='word_1_348' title='bbox 1846 3419 2205 3492; x_wconf 76' lang='lat' dir='ltr'>iniuriarum]</span> <span class='ocrx_word' id='word_1_349' title='bbox 2249 3420 2321 3486; x_wconf 75' lang='lat' dir='ltr'>of.</span> 
     </span>
     <span class='ocr_line' id='line_1_38' title="bbox 286 3487 2320 3565; baseline 0.002 -25"><span class='ocrx_word' id='word_1_350' title='bbox 286 3487 362 3542; x_wconf 89' lang='lat' dir='ltr'>D.</span> <span class='ocrx_word' id='word_1_351' title='bbox 402 3492 489 3554; x_wconf 89' lang='grc'>47,</span> <span class='ocrx_word' id='word_1_352' title='bbox 520 3493 603 3554; x_wconf 91' lang='grc'>10,</span> <span class='ocrx_word' id='word_1_353' title='bbox 636 3493 720 3554; x_wconf 90' lang='grc'>17,</span> <span class='ocrx_word' id='word_1_354' title='bbox 751 3494 877 3558; x_wconf 72' lang='lat' dir='ltr'>aeq.</span> <span class='ocrx_word' id='word_1_355' title='bbox 917 3489 1070 3558; x_wconf 59' lang='lat' dir='ltr'>(maa.</span> <span class='ocrx_word' id='word_1_356' title='bbox 1112 3491 1288 3560; x_wconf 81' lang='grc'><strong>1360).</strong></span> <span class='ocrx_word' id='word_1_357' title='bbox 1361 3489 1423 3543; x_wconf 89' lang='lat' dir='ltr'>ui</span> <span class='ocrx_word' id='word_1_358' title='bbox 1460 3489 1734 3545; x_wconf 89' lang='lat' dir='ltr'>bonorum</span> <span class='ocrx_word' id='word_1_359' title='bbox 1769 3491 2085 3565; x_wconf 85' lang='lat' dir='ltr'>raptorum]</span> <span class='ocrx_word' id='word_1_360' title='bbox 2136 3495 2207 3559; x_wconf 80' lang='lat' dir='ltr'>cf.</span> <span class='ocrx_word' id='word_1_361' title='bbox 2245 3491 2320 3545; x_wconf 91' lang='lat' dir='ltr'>D.</span> 
     </span>
     <span class='ocr_line' id='line_1_39' title="bbox 284 3560 1347 3631; baseline 0.005 -20"><span class='ocrx_word' id='word_1_362' title='bbox 284 3565 373 3626; x_wconf 86' lang='grc'>47,</span> <span class='ocrx_word' id='word_1_363' title='bbox 412 3564 462 3625; x_wconf 88' lang='grc'>8,</span> <span class='ocrx_word' id='word_1_364' title='bbox 494 3564 626 3628; x_wconf 79' lang='lat' dir='ltr'>2pr.</span> <span class='ocrx_word' id='word_1_365' title='bbox 668 3560 822 3630; x_wconf 77' lang='lat' dir='ltr'><strong><em>(Uzp.</em></strong></span> <span class='ocrx_word' id='word_1_366' title='bbox 866 3565 1030 3627; x_wconf 85' lang='grc' dir='ltr'><strong>131ος</strong></span> <span class='ocrx_word' id='word_1_367' title='bbox 1067 3561 1135 3628; x_wconf 79' lang='lat' dir='ltr'>cf.</span> <span class='ocrx_word' id='word_1_368' title='bbox 1169 3564 1347 3631; x_wconf 91' lang='grc'><strong>1317).</strong></span> 
     </span>
    </p>
   </div>
   <div class='ocr_carea' id='block_1_8' title="bbox 2362 1320 2464 1370">
    <p class='ocr_par' dir='ltr' id='par_1_9' title="bbox 2362 1320 2464 1370">
     <span class='ocr_line' id='line_1_40' title="bbox 2362 1320 2464 1370; baseline 0 0"><span class='ocrx_word' id='word_1_369' title='bbox 2362 1320 2464 1370; x_wconf 72' lang='grc'>217</span> 
     </span>
    </p>
   </div>
  </div>
 </body>
</html>
