2650 3917
1113 135 1397 192 FVRIVS.
2191 136 2273 201 15

232 323 427 386 quam
474 299 936 365 internundino
984 300 1179 365 etiam
1227 300 1310 364 ob
1368 299 1850 364 multitudinem
1896 299 2106 384 plebis
2152 300 2275 364 fre-

231 394 503 475 quentes
551 390 775 455 adesse
831 388 1222 473 coeperunt.¹
1278 427 1364 436 —
1422 389 1706 454 Macrob.
1753 388 1889 456 Sat.
1931 390 1987 472 1,
2028 389 2130 474 16,
2167 389 2271 454 34.

1068 588 1449 686 vavs.2

363 747 413 811 1.
461 745 745 831 Repperi
818 745 888 810 in
957 746 1128 810 libro
1203 745 1435 830 quinto
1509 767 1721 810 rerum
1797 745 2273 811 reconditarum

233 835 625 900 Sammonici
674 833 933 901 Sereni3
976 839 1323 919 utrumque
1371 856 1651 918 carmen,
1712 834 1886 919 quod
1930 836 2042 900 ille
2088 857 2156 899 se
2201 834 2273 900 in
2326 862 2351 902 ε

231 924 567 990 cuiusdam
604 923 785 989 Furii
830 925 1273 989 uetustissimo
1319 923 1490 989 libro
1537 924 1898 1009 repperisse
1943 924 2272 1008 professus

232 1019 350 1079 est.
445 1019 547 1079 est
602 1018 818 1079 autem
874 1034 1130 1078 carmen
1174 1012 1563 1097 huiusmodi,
1610 1034 1739 1098 quo
1788 1013 1854 1076 di
1901 1019 2271 1096 enecantur,

231 1125 378 1168 cum
437 1104 921 1189 oppugnatione
984 1102 1210 1167 civitas
1267 1101 1577 1188 cingitur:
1635 1104 1722 1167 ‘SI
1776 1120 1953 1166 DEVs
2012 1119 2073 1168 SI
2128 1119 2272 1166 ΒΕΑ

231 1208 389 1276 EST,
448 1209 567 1256 CVI
610 1203 933 1257 POPVLVS
984 1207 1401 1268 CIVITASQVE
1452 1207 2082 1257 CARTHAGINIENSIS
2138 1208 2270 1255 EST

230 1299 305 1345 IN
362 1299 675 1365 TVTELA,
741 1298 973 1358 TEQVE
1031 1298 1308 1345 ΜΑΧΙΜΕ
1372 1297 1568 1365 ILLE,
1634 1297 1756 1357 QVI
1810 1298 2012 1346 VRBIS
2059 1297 2269 1345 HVIVS
2301 1308 2352 1348 ιο

230 1387 636 1447 POPVLIQVE
686 1387 1023 1434 TVTELAM
1061 1386 1448 1454 REOEPIST1‚
1478 1386 1756 1434 PREOOR
1791 1386 2268 1446 VENERORQVE

232 1476 649 1536 VENIAMQVE
697 1477 742 1523 A
787 1476 993 1524 VOBIS
1041 1476 1256 1542 PETO,
1292 1463 1395 1522 ‘VT
1443 1475 1576 1523 vos
1625 1475 1961 1523 POPVLVM
2011 1476 2272 1524 CIVITA-

232 1566 525 1625 TEMQVE
578 1565 1247 1613 CARTHAGINIENSEM
1294 1564 1706 1631 DESERATIS,
1752 1564 1937 1631 LOCA
1985 1566 2272 1614 TEMPLA

232 1654 452 1703 SACRA
520 1655 904 1715 VRBEMQVE
967 1654 1212 1702 EORVM
1276 1654 1749 1714 RELINQVATIS
1813 1654 2086 1714 ABSQVE
2153 1655 2269 1703 HIS

229 1743 547 1810 ABEAT18‚
593 1744 807 1804 EIQVE
853 1743 1134 1791 POPVLO
1175 1743 1488 1791 CIVITATI
1525 1744 1775 1790 METVM
1815 1743 2266 1791 FORMIDINEM
2298 1755 2351 1795 ιτ»

231 1833 675 1882 OBLIVIONEM
738 1833 1098 1900 INICIATIS,
1159 1814 1654 1892 PROPITIIQVE4
1714 1833 1966 1880 ROMAM
2022 1833 2118 1879 AD
2167 1834 2265 1880 ΜΕ

230 1922 561 1983 MEOSQVE
609 1922 964 1989 VENIATIS,
1018 1920 1436 1982 NOSTRAQVE
1495 1921 1699 1969 VOBIS
1747 1922 1932 1969 LOCA
1982 1922 2269 1969 TEMPLA

232 2012 452 2061 SACRA
497 2010 678 2059 VRBS
725 2010 1119 2059 ACOEPTIOR
1175 2010 1721 2070 PROBATIORQVE
1771 2010 1909 2077 SIT,
1966 2011 2266 2071 MIHIQVE

230 2099 656 2160 POPVLOQVE
731 2100 1023 2148 ΒΟΜΑΝΟ
1103 2099 1606 2159 MILITIBVSQVE
1680 2100 1844 2148 MEIS
1918 2080 2269 2148 PROP1T11⁵

232 2190 424 2258 suffe,
470 2174 661 2254 idque
699 2174 960 2254 faciatis
996 2170 1187 2238 extis⁶
1234 2190 1325 2236 VT
1375 2187 1669 2237 SCIAMVS
1716 2189 2271 2237 INTELLIGAMVS-
2299 2200 2353 2240 πο

232 2281 399 2340 QVE.c
484 2278 547 2326 81
593 2279 712 2325 ITA
749 2277 1134 2344 FECERITIS‚
1173 2278 1412 2326 VOVEo
1442 2278 1647 2326 VOBIS
1690 2279 1975 2326 TEMPLA
2014 2278 2273 2326 LVDos-

232 2370 367 2429 QVE
413 2352 847 2416 FACTVRVM'.
941 2350 1010 2415 in
1047 2350 1268 2415 eadem
1295 2351 1496 2415 uerba
1523 2349 1771 2417 hostias
1799 2352 1940 2418 fieri
1970 2349 2273 2436 oportet‚⁷

230 2443 818 2525 auctoritatemque
845 2440 1052 2506 uideri
1080 2443 1396 2518 extorum,
1419 2444 1495 2505 ut
1524 2463 1599 2505 ea
1623 2440 2010 2525 promittant
2034 2440 2271 2506 futura.

372 2670 425 2738 1)
464 2670 763 2733 incertum,
829 2675 1099 2753 quatenus
1142 2669 1273 2723 haec
1320 2670 1533 2723 Rutilii
1584 2671 1710 2723 siut.
1870 2671 1923 2738 2)
1965 2670 2271 2736 ‘incer-tum,

227 2743 362 2810 quie.
440 2740 538 2794 secl
591 2740 827 2807 scriptor
861 2740 1005 2793 iuris
1040 2742 1189 2795 sacri
1222 2740 1440 2794 videtur
1474 2741 1664 2808 fuisse,
1700 2747 1768 2806 et,
1804 2743 1856 2795 si
1901 2742 2048 2796 alias
2092 2747 2271 2807 uotae,

229 2813 417 2866 malim
467 2811 774 2882 intelleyere
819 2813 887 2865 A.
928 2812 1172 2866 erimn
1218 2812 1529 2878 Antiatem,
1574 2812 1853 2881 aequalem
1889 2813 2103 2867 Rutilii
2137 2812 2272 2879 Rufii

222 2891 546 2952 pactamque
583 2883 895 2949 annalium,
934 2900 1090 2952 quem
1126 2890 1178 2938 et
1212 2884 1363 2937 alias
1402 2884 1651 2938 Macrob.
1684 2884 1829 2937 velut
1873 2884 1990 2940 Sat.
2023 2888 2073 2951 6,
2097 2889 2143 2937 1.
2166 2888 2214 2937 3.
2236 2889 2270 2935 4

225 2956 335 3009 eolo
383 2954 564 3008 Furii
597 2956 817 3008 nomine
863 2955 1061 3009 laudat
1106 2958 1177 3023 (et
1212 2956 1373 3008 cuius
1418 2955 1681 3024 reliquias
1725 2956 1856 3010 colle
1891 2957 1937 3010 it
1973 2955 2273 3020 Baehrerw,

228 3027 456 3096 Fraym.
490 3026 641 3080 Poet.
674 3026 832 3080 Rom.
864 3043 923 3094 p.
956 3027 1101 3092 276),
1148 3043 1314 3095 quam
1363 3027 1448 3080 M.
1488 3026 1731 3081 Furium
1776 3027 1859 3081 Bi
1892 3026 2113 3081 aculum
2150 3027 2268 3081 Au·

226 3100 377 3168 yueti
440 3097 750 3165 aequalem,
808 3097 1099 3152 Macrobio
1164 3096 1278 3152 Sat.
1320 3102 1371 3163 2,
1397 3103 1444 3163 1,
1468 3101 1534 3150 13
1600 3104 1979 3165 memoratum,
2037 3098 2102 3152 cle
2164 3114 2271 3167 quo

228 3169 323 3223 adi
369 3167 713 3238 Bernhardy
749 3168 906 3222 Ro'm.
947 3167 1173 3223 Litter.⁶
1216 3185 1274 3236 p.
1309 3173 1429 3221 566.
1517 3169 1600 3223 M.
1640 3168 1814 3223 Hertz
1871 3169 1936 3223 de
1973 3170 2041 3224 L.
2084 3169 2271 3224 Furio

228 3241 390 3296 Philo
428 3255 535 3294 cos.
567 3256 619 3294 a.
651 3257 706 3293 u.
739 3244 844 3293 618
881 3240 1161 3309 eoyitavit’
1204 3242 1382 3308 (quem
1417 3241 1662 3308 sequitur
1688 3241 1917 3295 Bremer
1944 3258 2006 3310 p.
2036 3243 2143 3310 29).
2189 3242 2272 3296 sic

226 3311 333 3376 fore
371 3312 495 3367 Hu.
637 3312 691 3378 3)
729 3312 828 3379 qui
861 3312 976 3378 fuit
1011 3312 1314 3379 imperante
1343 3310 1603 3379 Septimio
1632 3312 1838 3367 Severo.
1985 3314 2041 3381 4)
2078 3312 2267 3382 propi-

227 3383 404 3452 tiique
463 3382 584 3437 Hu.
651 3380 978 3451 proditique
1015 3382 1168 3437 codd.
1349 3383 1401 3451 5)
1437 3382 1672 3451 propitii
1727 3383 1928 3454 Beryk.
1992 3381 2270 3453 propositi

226 3456 374 3510 codd.
529 3456 583 3523 6)
620 3453 895 3522 supplevit
930 3454 1048 3508 Hu.
1198 3458 1251 3522 7>
1291 3453 1447 3508 ‘uam
1490 3455 1779 3522 piaculum
1828 3462 1962 3522 erat,
2010 3456 2268 3526 alieniye·

226 3543 350 3582 nam
389 3543 479 3582 eos
517 3525 819 3580 invocare’.
859 3525 977 3579 Ha.
