2650 3917
339 110 428 176 34
857 109 1160 170 SERVIVS
1199 109 1567 164 SVLPICIVS
1602 108 1857 167 RVFVS.

336 278 613 358 tempus,
649 289 787 357 'quo
822 274 1056 344 ‘ciuitas
1102 273 1408 356 uniuerso
1445 273 1634 337 Latio
1670 273 1814 359 lege
1851 270 2019 337 Iulia
2065 274 2217 338 data
2252 278 2370 341 est.

336 363 505 428 haec
543 362 779 434 eadem¹
798 361 1116 434 Neratius
1132 362 1154 400 ¹
1200 363 1462 446 scripsit
1499 362 1568 426 in
1611 361 1823 445 libro,·
1847 384 2038 446 quem
2089 362 2164 428 de
2208 383 2371 448 nup·

335 452 448 517 tiis
495 452 876 535 composuit.
923 489 1011 499 —
1063 452 1218 519 Gen.
1256 451 1318 536 4,
1355 451 1416 516 4.
1460 452 1586 523 vid,
1632 452 1812 532 infra
1845 472 1998 535 pay.
2037 452 2140 517 93.

816 646 941 701 DE
975 643 1256 701 SACRIS
1288 643 1885 701 DETESTANDIS.
1998 679 2003 684 ·

283 782 307 823 5
472 754 525 820 3.
576 753 840 830 Seruius
879 753 1204 838 Sulpicius
1250 753 1742 838 iureconsultus,
1787 755 1892 818 uir
1936 754 2168 819 aetatis
2219 777 2372 820 suae

335 843 765 928 doctissimUS‚
811 843 881 907 in
916 843 1086 908 h'bro
1126 844 1203 907 de
1240 843 1439 908 sacris
1487 842 1880 907 detestandis
1924 844 2202 908 secundo
2242 866 2372 928 qua

333 932 583 998 ratione
641 933 954 998 adductus
1020 931 1526 997 ‘testamentum'
1591 932 1863 996 uerbum
1928 954 2067 997 esse
2131 933 2372 1017 duplex

336 1022 692 1107 scripserit,
744 1043 877 1086 non
938 1022 1207 1106 reperio,
1297 1044 1449 1085 nam
1515 1022 1946 1105 compositum
2006 1044 2146 1086 esse
2203 1023 2371 1087 dixit

336 1134 374 1175 a
418 1112 654 1176 mentis
702 1111 1188 1176 contestatione.
1240 1149 1314 1157 —
1375 1111 1531 1176 Gall.
1572 1113 1608 1175 7
1651 1109 1769 1198 (6),
1810 1111 1911 1193 12,
1954 1113 2008 1176 1.
2048 1112 2107 1176 2.

255 1334 307 1375 10
501 1322 1122 1382 REPREHENSOR
1134 1321 1258 1379 VM
1289 1321 1495 1378 SUAE
1507 1320 1774 1377 VOLAE
1812 1322 2057 1377 CAPIT
2064 1323 2196 1377 VM.

464 1432 524 1497 4.
571 1431 912 1497 Praeterea
969 1432 1047 1496 de
1102 1453 1274 1517 penu
1330 1437 1430 1504 etc.
1496 1468 1583 1476 —
1649 1433 1726 1513 cf.
1771 1451 1967 1512 supra
2031 1431 2096 1497 S.
2144 1432 2371 1499 Aelius

338 1520 533 1586 Catus
572 1524 723 1604 lp
767 1523 800 1585 1
850 1527 907 1587 et
959 1522 1027 1603 Q.
1066 1521 1327 1586 Mucius
1373 1520 1669 1586 Scaevola
1717 1520 2004 1603 11217.

832 1765 837 1768 -
912 1733 1036 1787 EX
1068 1732 1461 1788 INOERTIS
1493 1732 1788 1787 LIBRIS.

467 1842 519 1906 5.
566 1840 645 1906 In
700 1864 828 1926 quo
895 1839 1003 1928 (se.
1049 1841 1250 1905 uerbo
1313 1840 1730 1928 postliminii)
1799 1838 2064 1906 Seruius
2127 1846 2369 1928 noster,

254 1959 305 1998 15
332 1929 406 1995 ut
453 1931 710 2016 opinor,
763 1930 931 1995 nihil
968 1934 1163 2014 putat
1229 1952 1368 1995 esse
1422 1930 1777 1994 notandum
1839 1930 1967 1995 nisi
2016 1930 2255 2017 post’,
2302 1936 2368 1996 et

333 2019 703 2085 liminium'
752 2019 916 2085 illud
968 2019 1468 2104 productionem
1533 2040 1672 2084 esse
1730 2020 1914 2084 uerbi
1970 2020 2131 2104 uult,
2176 2025 2251 2085 ut
2297 2022 2370 2085 in
2499 2063 2506 2068 ·

334 2109 1067 2195 efucu‘t·‚u11ao‚legii-‚1’1mo,
1113 2108 1461 2173 aeditumo'
1508 2115 1566 2173 et
1607 2130 1739 2173 non
1784 2108 1932 2192 plus
1978 2110 2047 2173 in
2091 2111 2178 2175 iis
2225 2132 2366 2174 esse

332 2200 631 2263 tumum’
656 2220 851 2282 quam
880 2198 949 2262 in
978 2197 1390 2262 meditullio'
1414 2196 1739 2262 tullium'.
1772 2235 1855 2244 —
1891 2197 2014 2263 Cic.
2042 2205 2160 2281 top.
2179 2199 2240 2284 8,
2261 2198 2380 2264 36.·

466 2289 520 2354 6.
570 2288 827 2352 Pedem
894 2286 1110 2351 struit'
1178 2287 1249 2351 in
1293 2284 1422 2351 XII
1487 2287 1812 2372 significat
1875 2286 2073 2373 fugit,
2132 2292 2207 2352 ut
2274 2289 2367 2353 ait

253 2404 305 2445 πο
335 2376 600 2442 Seruius
648 2375 991 2459 Sulpicius.
1040 2414 1124 2423 —
1171 2376 1337 2441 Fest.
1383 2398 1437 2440 v.
1476 2377 1697 2457 pedem
1729 2397 1798 2458 p.
1839 2376 1987 2441 210.

466 2466 519 2530 7.
566 2465 657 2530 At
705 2464 836 2530 Ser.
886 2464 1211 2549 Sulpicius
1258 2468 1511 2530 nomine
1545 2465 1731 2530 etiam
1778 2464 2194 2551 singulariter
2239 2466 2367 2530 for-

330 2558 504 2620 mato
569 2554 919 2640 uindiciam
985 2576 1123 2619 esse
1179 2555 1272 2618 ait
1336 2555 1570 2619 dictam
1581 2552 1623 2639 ²,
1686 2575 1809 2636 qua
1855 2554 1932 2617 de
1978 2576 2048 2618 re
2113 2560 2366 2620 contro·

330 2644 544 2709 uersia
594 2648 719 2728 est,
774 2643 855 2708 ab
904 2666 1006 2728 eo,
1063 2644 1235 2727 quod
1279 2643 1663 2726 uindicatur.
1755 2640 1939 2707 inde⁸
1986 2646 2051 2707 et
2096 2644 2164 2707 in
2211 2642 2366 2710 XII:

332 2733 419 2797 ‘si
494 2733 846 2798 uindiciam
919 2732 1146 2797 falsam
1210 2732 1391 2816 tulit,
1465 2733 1522 2798 si
1595 2731 1755 2796 uelit
1819 2732 1903 2815 is,
1976 2735 2087 2815 qui
2157 2733 2367 2815 uicit4,

252 2850 303 2890 25
319 2827 589 2905 praetor
633 2821 913 2887 arbitros
940 2827 1074 2887 tres
1104 2822 1273 2887 dato,
1348 2843 1570 2886 eorum
1600 2821 1869 2886 arbitrio
1895 2818 2076 2887 reus5
2112 2820 2365 2888 fructus

331 2911 635 2995 duplione
682 2911 988 2976 damnum
1033 2910 1353 2976 decidito'.
1389 2948 1479 2957 —
1504 2911 1671 2975 Fest.
1700 2933 1754 2975 v.
1781 2912 2099 2976 vindiciae
2112 2933 2183 2993 p.
2215 2911 2365 2977 376.

418 3033 420 3036 ·
466 3002 519 3067 8.
566 2999 699 3066 Ser.
749 2999 1074 3084 Sulpicius
1121 3001 1334 3082 Rufus
1378 3051 1701 3065 ........
1750 3004 1815 3064 et
1862 2998 2119 3083 Opilius
2161 3001 2367 3067 Awre·

331 3091 458 3156 blus
527 3092 622 3156 ita
693 3092 1056 3156 existimant
1126 3089 1253 3154 dici
1326 3090 1655 3154 inferioris
1723 3091 2180 3174 &aperior-isque
2250 3091 2370 3156 loci

477 3287 529 3354 1)
562 3285 815 3339 ueratius
852 3285 934 3338 vel
977 3282 1235 3336 ueracius
1281 3283 1415 3336 libri
1450 3284 1580 3338 boni
1624 3283 1807 3349 VPR;
1863 3283 2113 3337 neratius
2150 3284 2233 3338 vel
2266 3301 2367 3340 ne-

329 3355 514 3414 racius
552 3357 675 3411 dett.
823 3357 876 3424 2)
911 3356 1092 3425 suppl.
1114 3355 1232 3409 Hu.
1286 3370 1410 3408 eam
1446 3371 1563 3408 rem
1592 3356 1799 3409 Bruns.
1942 3354 2011 3424 3)'
2030 3357 2211 3425 suppl.
2244 3357 2362 3412 Hu.

331 3429 385 3496 4)
419 3428 598 3496 suppl.
634 3427 864 3482 Wetzell.
903 3428 972 3493 cf.
1008 3427 1134 3481 Gai.
1167 3432 1218 3493 4,
1241 3430 1359 3480 163.
1507 3428 1560 3497 5)
1597 3428 1776 3495 suppl.
1810 3427 2062 3482 Mueller.
2118 3426 2364 3496 neglecti

343 3498 573 3553 Wetzell.
621 3498 907 3566 possessor
943 3497 1164 3553 Schoell.
