2650 3917
1288 619 1403 685 IV.

373 780 781 847 VLPIANI
820 780 1113 862 RELIQ
1124 779 1244 845 VA
1287 778 1896 845 FRAGMENTA
1941 779 2348 847 MINORA.

782 920 849 974 A.
888 920 1013 974 EX
1047 919 1336 975 LIBRIS
1367 920 1484 973 AD
1522 919 1921 975 EDICTVM.

468 1030 516 1095 1.
567 1029 912 1115 ¹Ulpianus
957 1027 1164 1094 libro²
1210 1028 1292 1093 ad
1339 1028 1619 1093 edictum
1667 1032 1848 1092 sexto
1902 1029 2015 1113 qui
2058 1050 2177 1114 pro
2224 1029 2375 1094 aliis

338 1142 419 1184 ne
464 1120 797 1204 postulent
851 1120 1045 1184 titulo
1102 1121 1283 1183 sexto
1332 1119 1426 1184 sic
1469 1118 1692 1181 refert:
1757 1116 2152 1182 ‘Inuenimus
2199 1118 2376 1202 apud

334 1213 584 1274 ueteres
613 1209 902 1275 mulieris
916 1205 941 1245 ⁸
967 1207 1402 1294 appellatione
1430 1208 1626 1271 etiam
1655 1205 1982 1293 uirgines*
2009 1208 2374 1272 contineri'

333 1336 418 1344 —
438 1297 845 1382 Spicileyium
872 1296 1248 1364 Sole-§mense
1274 1298 1366 1362 ed.
1396 1295 1451 1359 Ι.
1482 1295 1560 1360 B.
1590 1294 1782 1360 Pura
1808 1293 1841 1360 I
1872 1294 2115 1383 (Paris.
2148 1295 2377 1381 1852),

333 1387 464 1452 282
511 1408 588 1453 ea:
635 1386 865 1452 Pacati
910 1386 1067 1453 libro
1109 1386 1167 1451 Ι.
1215 1386 1514 1450 adversus
1559 1384 2002 1468 Porphyrium.

466 1475 522 1541 2.
571 1473 926 1561 ⁶Ulpianus
964 1477 1033 1540 in
1066 1476 1235 1540 libro
1274 1472 1542 1539 XLVI.⁶
1605 1475 1686 1539 ad
1725 1475 2032 1540 edietum:
2081 1471 2176 1538 ‘Si
2223 1475 2378 1558 quis

332 1566 695 1649 proximior
741 1569 1056 1651 cognatus
1102 1561 1551 1628 nasceretur.'⁷
1597 1602 1686 1611 ——
1734 1560 2083 1629 Priscian.⁸
2120 1564 2181 1646 3,
2199 1562 2261 1646 4,
2282 1563 2371 1627 21

320 1677 396 1737 p.
432 1654 515 1718 97
563 1655 777 1720 Hertz.

500 1830 570 1884 B..
602 1830 726 1884 EX
761 1829 1047 1885 LIBRIS
1076 1828 1204 1883 DE
1241 1827 1569 1883 OFFIOIO
1607 1826 2208 1884 PROCONSVLIS.⁹

466 1940 519 2005 3.
551 1938 715 2004 10Αό.
744 1938 1133 2025 subrigendo.
1160 1940 1255 2015 εἰς
1281 1938 1681 2024 ὑπόρθωσιν
1706 1938 2037 2023 τιμωρίας.
2068 1974 2150 1983 -
2187 1934 2374 2019 Gorp.

336 2028 536 2095 Gloss.
582 2028 725 2093 Lat.
772 2030 861 2093 cd.
916 2027 1105 2094 Goctz
1150 2025 1233 2112 H,
1262 2028 1319 2091 9.

465 2119 682 2201 aliquo
732 2118 937 2183 secius
1000 2128 1223 2193 ποσῶς
1276 2115 1777 2201 νωχελέστερον.
1824 2154 1912 2162 -
1958 2116 1996 2179 Ζ.
2035 2137 2082 2180 c.
2108 2137 2176 2197 p.
2218 2116 2319 2179 14.

465 2230 503 2270 a
547 2205 973 2271 ramulariis11
1020 2206 1151 2271 ἀπὸ
1206 2215 1342 2271 τῶν
1387 2202 1945 2292 ἀντεπιτρόπω(ν)
2003 2205 2041 2269 l.
2080 2226 2126 2269 c.
2150 2227 2220 2287 p.
2265 2205 2371 2269 18.

482 2402 533 2468 1)
572 2399 641 2465 cf.
681 2401 758 2454 D.
797 2403 849 2467 3,
880 2405 930 2467 1,
961 2406 1011 2467 1,
1039 2404 1072 2453 ὅ
1113 2400 1264 2468 (Ulp.
1295 2400 1438 2468 276).
1494 2398 1571 2452 ad
1605 2398 1705 2452 hoc
1738 2399 2122 2469 framentum,
2148 2414 2264 2453 non
2292 2399 2378 2451 ad

331 2471 408 2524 D.
449 2476 535 2538 50,
567 2476 652 2538 16,
684 2477 748 2525 13
760 2489 853 2540 pr.
892 2470 1046 2540 (libri
1082 2470 1201 2525 VH.
1258 2470 1334 2523 ad
1380 2469 1646 2536 edictum,
1704 2470 1825 2538 Ulp.
1864 2473 1969 2522 294
2013 2468 2201 2538 Lenel)
2236 2486 2367 2538 per-

334 2543 472 2596 tinet
505 2543 655 2596 locus
690 2560 865 2611 supra
903 2543 1144 2597 adlatus
1290 2544 1345 2611 2)
1382 2540 1529 2595 liber
1567 2541 1625 2596 0.
1772 2543 1826 2610 3)
1861 2540 2125 2594 mulieres
2165 2541 2222 2596 0.

331 2616 384 2682 4)
423 2613 665 2683 uirginis
706 2615 763 2667 0.
966 2615 1019 2681 5)
1055 2640 1123 2659 =
1151 2613 1228 2668 D.
1270 2617 1357 2681 38,
1385 2617 1437 2679 s,
1468 2619 1517 2679 1,
1545 2617 1578 2665 8
1634 2613 1710 2666 in.
1769 2612 1924 2682 (ΠΨ.
1964 2614 2141 2681 1201).

332 2686 387 2754 6)
424 2683 600 2738 XLVI
635 2686 948 2740 Putschius.
1004 2683 1157 2738 XXV
1193 2686 1260 2736 ut
1294 2685 1378 2739 vel
1411 2682 1593 2736 XXVI
1627 2683 1782 2738 codd.
1957 2686 2010 2753 7)
2046 2681 2206 2736 nasci
2244 2698 2377 2752 spe-

327 2758 486 2810 retur
520 2755 657 2826 Diy.
875 2759 928 2826 8)
965 2758 1187 2825 scripsit
1240 2762 1367 2809 ante
1424 2772 1475 2809 a.
1515 2759 1637 2808 527.
1703 2755 1772 2821 cf.
1812 2755 2005 2822 Hertz,
2060 2755 2247 2821 Praef.
2290 2755 2376 2809 ad

330 2829 610 2883 Priscian.
638 2845 701 2896 p.
731 2827 876 2881 VIII.
1024 2830 1077 2897 9)
1116 2828 1318 2880 librum
1353 2843 1563 2881 nonum
1601 2826 1665 2880 de
1703 2827 1794 2893 off.
1826 2842 2081 2895 procons.
2117 2827 2367 2893 inspexe-

329 2906 469 2953 rwnt
495 2899 659 2952 etiam
687 2900 973 2953 Patricius
1000 2904 1052 2952 et
1077 2898 1394 2953 Eudoxias.
1432 2898 1501 2965 cf.
1531 2898 1736 2951 Thalel.
1760 2896 1934 2952 Schol.
1956 2897 2093 2951 Bas.
2113 2895 2242 2948 XXI
2261 2901 2310 2962 3,
2330 2902 2368 2949 4

330 2971 417 3036 (Τ.
460 2970 512 3023 Π
546 2987 601 3037 p.
632 2975 739 3023 454
777 2969 1032 3039 Heimb.).
1218 2971 1305 3038 10)
1343 2971 1488 3023 hanc
1523 2975 1574 3024 et
1607 2976 1884 3039 sequentes
1922 2970 2130 3039 ylossas
2166 2968 2367 3022 latino-
2397 2963 2407 2973 '

328 3057 570 3113 yraecas,
599 3043 796 3109 quibus
821 3042 1060 3111 sinyulis
1086 3043 1151 3095 in
1178 3041 1357 3095 codice
1385 3041 1725 3109 adscriptum
1752 3047 1856 3095 est:
1886 3038 2055 3093 ‘liber
2081 3040 2152 3092 de
2179 3037 2377 3093 officio

329 3111 725 3182 proconsulis’‚
764 3112 841 3166 ad
876 3113 1106 3179 Ulpiani
1135 3113 1300 3166 libros
1326 3113 1503 3167 decem
1530 3112 1595 3166 de
1621 3113 1805 3179 officio
1822 3112 2174 3180 proconsulis
2192 3112 2369 3178 perti·

329 3201 456 3238 nere
503 3184 732 3238 coniecit
779 3184 1060 3250 Guiacius,
1120 3183 1393 3237 Observat.
1433 3188 1519 3250 10,
1549 3187 1634 3250 34,
1689 3185 1847 3237 certis
1901 3183 2240 3253 aryumentis
2276 3183 2375 3236 de—

331 3256 659 3309 monstravit
677 3254 927 3321 Rudorff
937 3256 1000 3307 in
1020 3255 1468 3325 Abha'ndlunyen
1487 3255 1583 3308 der
1599 3255 1899 3308 Akademie
1917 3254 2015 3308 der
2044 3254 2371 3308 Wissensch.

331 3341 402 3378 zu
437 3327 653 3393 Berlin,
693 3331 847 3393 1865,
876 3343 938 3394 p.
971 3330 1073 3378 233
1093 3343 1171 3394 sq.
1392 3329 1477 3394 11)
1513 3324 1803 3378 ramularii
1847 3325 1993 3379 idem
2035 3332 2168 3380 sunt
2205 3331 2378 3393 atque

336 3396 794 3465 ‘ramuscularii',
831 3399 892 3451 id
929 3404 1007 3451 est
1040 3397 1220 3451 coloni
1247 3397 1596 3464 publicorum
1626 3396 2003 3464 praediorum,
2040 3413 2181 3466 quae
2207 3412 2369 3450 man·

330 3482 454 3533 ceps
508 3468 721 3521 locavit.
796 3469 865 3535 cf.
913 3469 990 3522 D.
1032 3472 1116 3533 19,
1148 3472 1198 3535 2,
1228 3472 1294 3520 53
1363 3469 1526 3535 (Pap.
1568 3470 1691 3536 667)
1746 3474 1798 3523 et
1862 3467 2037 3524 Gloss.
2103 3468 2374 3537 Amplon.

329 3536 630 3590 secundum
665 3554 707 3591 s.
732 3533 794 3592 'v.
840 3539 1091 3604 ‘ramus’,
1133 3538 1290 3606 Corp.
1337 3540 1510 3593 Gloss.
1549 3537 1616 3603 V,
1658 3544 1778 3607 327,
1806 3543 1894 3594 40.
