2650 3917
869 156 996 212 GAI
1028 139 1284 212 INSTIT.
1323 159 1375 211 Π
1411 162 1709 213 669-635.
1792 143 1808 154 ’
2176 158 2302 223 251

410 320 493 405 [Β
530 326 620 385 De
656 327 956 386 inutiliter
982 329 1206 387 relictis
1243 329 1480 405 legatis.
1516 321 1600 407 B]
1676 321 1810 387 229.
1849 320 2021 387 Ante
2057 321 2336 386 heredis'

275 410 748 475 institutionem
794 411 1115 477 inutiliter
1150 413 1419 497 legatur,
1458 411 1703 476 scilieet
1739 411 1890 496 quia
1926 416 2309 477 testamenta

273 501 407 564 uim
455 522 533 563 ex
580 500 991 565 institutione
1046 502 1299 565 heredis
1357 501 1707 585 accipiunt,
1764 506 1829 565 et
1876 502 1958 565 ob
2008 501 2074 564 id
2127 500 2310 565 uelut

273 592 469 672 eaput
529 595 592 654 et
650 589 1139 655 fundamentum
1210 590 1610 676 intellegitur
1669 591 1870 654 totius
1938 592 2309 659 testamenti

273 679 527 743 heredis
573 667 916 744 institutiO.
1009 680 1141 745 230.
1191 680 1341 744 Ρ611
1386 681 1637 744 ratione
1681 701 1801 744 nee
1847 679 2114 744 libertas
2161 684 2309 744 ante

273 768 530 832 heredis
595 769 1072 833 institutionem
1141 770 1277 833 dari
1340 773 1572 854 potest.
1667 768 1791 833 231.
1838 767 2068 833 Nostri
2131 791 2310 853 prae-

273 861 560 942 ceptores
614 879 732 921 nee
794 861 1040 922 tutores
1090 880 1163 923 eo
1219 859 1365 923 loeo
1422 860 1559 923 dari
1623 879 1811 942 posse
1876 857 2308 922 existimantlz

275 947 389 1011 sed
434 946 649 1010 Labeo
698 951 763 1010 et
807 946 1122 1011 Proculus
1170 951 1454 1011 tutorem
1491 969 1682 1032 posse
1721 948 1877 1030 dari,
1925 948 2098 1031 quod
2143 947 2310 1010 nihil

275 1059 353 1101 ex
391 1036 748 1100 hereditate
787 1041 1091 1121 erogatur
1128 1038 1366 1101 tutoris
1404 1037 1678 1102 datione.
1772 1036 1908 1101 232.
1946 1036 2107 1101 Post
2142 1058 2310 1101 mor-

275 1130 407 1190 tem
438 1147 694 1212 quoque
730 1125 983 1190 heredis
1023 1126 1344 1190 inutiliter
1379 1126 1649 1211 legatur,
1687 1126 1760 1208 id,
1791 1130 1889 1189 est
1925 1126 2052 1191 hoo
2089 1127 2308 1190 modo:

275 1232 421 1279 CVM
467 1231 691 1279 HERES
731 1231 913 1279 MEVS
953 1233 1280 1280 MORTVVS
1320 1234 1505 1300 ERIT,
1550 1232 1648 1280 Do
1693 1232 1899 1299 LEGO,
1947 1221 2060 1279 aut
2097 1232 2308 1280 DATO.

273 1306 367 1369 ita
405 1309 619 1369 autem
656 1309 827 1369 recte
863 1306 1142 1390 legatur:
1192 1322 1337 1369 CVM
1381 1322 1605 1370 HEREs
1653 1330 1740 1368 ME
1751 1303 1848 1368 vs²
1893 1322 2257 1369 moRm'rvn
2269 1303 2310 1389 ⁸,

275 1395 429 1478 quia
473 1416 607 1458 non
651 1398 801 1477 post
845 1399 1121 1458 mortem
1168 1394 1422 1458 heredis
1465 1395 1871 1479 relinquitur,
1919 1394 2032 1458 sed
2076 1394 2308 1458 ultimo

272 1486 450 1547 uitae
516 1484 653 1547 eius
722 1487 1030 1566 tempore.
1130 1507 1390 1548 rursum
1453 1485 1547 1548 ita
1608 1505 1740 1548 non
1804 1486 2020 1568 potest
2083 1483 2309 1569 legari:

274 1591 517 1637 PmmE
566 1590 761 1649 QVAM
807 1590 1033 1638 HEREs
1082 1589 1265 1637 MEVS
1324 1589 1715 1657 Mommv133
1773 1573 1947 1657 quod
1994 1595 2127 1637 non
2171 1595 2311 1657 pre-

272 1663 446 1726 tiosa
508 1662 792 1726 ratione·
829 1667 1160 1747 receptum
1234 1662 1508 1728 uidetur.
1569 1660 1577 1748 Ι
1637 1662 1768 1727 233.
1817 1662 2061 1726 Eadem
2120 1666 2186 1725 et
2231 1662 2308 1726 (16

274 1751 686 1816 libertatibus
751 1752 922 1816 dicta
983 1751 1452 1836 intellegemus.
1554 1751 1691 1816 234.
1739 1750 1945 1815 Tutor
2007 1772 2162 1815 uero
2230 1775 2312 1815 an

273 1845 427 1925 post
472 1843 748 1904 mortem
794 1841 1047 1905 heredis
1095 1842 1233 1905 dari
1283 1843 1517 1926 possit,
1576 1840 2031 1925 quaerentibus
2087 1841 2308 1903 eadem

274 1927 591 1994 forsitan4
634 1930 877 2014 poterit
932 1953 1070 1995 esse
1127 1932 1448 2020 quaestio,
1502 1927 1702 2014 quae⁵
1758 1930 1834 1993 de
1889 1950 1955 1994 eo
2010 1930 2309 2015 agitatur,

279 2020 396 2102 qui
423 2018 571 2083 ante
600 2019 907 2084 heredum
936 2015 1415 2084 institutionem
1446 2020 1652 2085 datur.
1729 2022 1843 2101 [Β6
1872 2043 2098 2100 poenae
2130 2043 2309 2084 eausa

274 2115 500 2174 relictis
546 2109 811 2194 legatis]
904 2109 1038 2174 235.
1086 2109 1339 2174 Poenae
1386 2131 1642 2193 quoque
1686 2109 1947 2173 nomine
1993 2109 2310 2173 inutiliter

274 2200 546 2284 legatur.
636 2220 880 2282 poenae
936 2203 1150 2263 autem
1204 2198 1467 2263 nomine
1529 2199 1734 2284 legari
1787 2198 2070 2280 uidetur,
2137 2198 2310 2281 quod

277 2288 613 2354 coercendi
668 2288 920 2352 heredis
978 2309 1169 2352 eausa
1221 2288 1637 2372 relinquitur,
1686 2309 1817 2371 quo
1872 2288 2084 2374 magis,
2125 2287 2310 2352 heres

423 2521 474 2587 1)
513 2517 905 2571 existimantur
940 2517 1007 2572 V.
1128 2521 1180 2588 2)
1217 2520 1398 2587 suppl.
1439 2520 1732 2589 Boeckiny.
1843 2519 1896 2587 3)
1932 2517 2207 2571 moriatur
2243 2517 2310 2571 V.

275 2593 330 2709 4)
369 2589 629 2644 forsitam
665 2587 733 2642 V.
881 2591 934 2658 5)
972 2607 1143 2659 quam
1179 2589 1247 2644 V.

420 2772 449 2832 ς
490 2773 610 2821 229.
652 2794 716 2811 ==
747 2768 796 2820 Ι.
837 2773 887 2836 2,
917 2773 1004 2836 20,
1034 2773 1117 2823 34.
1185 2770 1254 2836 cf.
1305 2769 1426 2838 Uzp.
1481 2773 1569 2836 24,
1600 2774 1683 2823 15.
1724 2773 1811 2836 25,
1840 2773 1889 2821 8.
1956 2767 2091 2837 quia
2136 2768 2311 2821 testa-

274 2841 468 2894 menta
504 2839 623 2910 eta]
664 2839 732 2906 cf.
772 2841 847 2893 D.
888 2845 975 2906 28,
1004 2844 1055 2907 4,
1085 2844 1116 2893 3
1164 2841 1440 2908 (Marcell.
1480 2843 1621 2909 263).
1679 2845 1765 2908 29,
1797 2846 1845 2907 7,
1876 2844 1941 2892 10
1979 2840 2017 2893 i.
2055 2838 2096 2905 f.
2145 2840 2309 2908 (Pap.

275 2912 418 2980 240).
477 2915 563 2978 28,
594 2916 642 2978 6,
675 2917 725 2979 1,
755 2917 784 2964 3
825 2912 1002 2980 (Mod.
1045 2914 1185 2982 100).

419 2987 450 3047 ς
490 2987 610 3037 230.
649 3009 717 3027 =
748 2985 794 3038 Ι.
837 2989 887 3050 6,
919 2988 1005 3051 60,
1036 2987 1118 3037 34.
1180 2985 1250 3050 cf.
1300 2983 1426 3052 Uzp.
1470 2989 1518 3051 1,
1548 2988 1632 3036 20.

419 3059 449 3120 5
489 3058 609 3108 231.
666 3054 734 3120 cf.
773 3055 822 3107 Ι.
866 3058 1106 3122 1,14,3.

420 3130 449 3190 ς,
489 3130 611 3179 636.
667 3127 736 3193 cf.
766 3128 814 3180 Ι.
847 3132 897 3194 6,
927 3131 1012 3193 20,
1042 3130 1127 3180 35.
1193 3125 1315 3195 Uzp.
1349 3130 1435 3193 24,
1466 3132 1549 3180 16.
1590 3130 1676 3192 65,
1705 3129 1753 3178 s.
1812 3126 1977 3180 Paul.
2009 3129 2059 3192 3,
2089 3129 2140 3192 6,
2169 3129 2228 3190 53
2261 3129 2309 3177 6.

276 3201 328 3264 4,
359 3203 408 3264 1,
440 3203 523 3250 11.
579 3198 736 3264 infra
774 3202 823 3265 3,
855 3202 973 3251 100.
1032 3198 1090 3253 0.
1131 3202 1181 3266 8,
1211 3203 1275 3252 37
1298 3200 1429 3267 (38),
1461 3203 1523 3251 11
1566 3199 1638 3265 (a.
1678 3199 1820 3265 528).

419 3273 449 3334 5
489 3273 610 3322 233.
666 3269 737 3335 cs.
787 3269 908 3338 Ulp.
951 3275 1000 3336 1,
1030 3274 1115 3322 20.

419 3345 450 3405 ξ
489 3345 610 3394 234.
667 3340 736 3406 cf.
774 3357 948 3409 supra
985 3347 1035 3408 2,
1065 3345 1186 3394 231.
1243 3342 1318 3394 D.
1360 3345 1447 3408 26,
1477 3345 1528 3407 2,
1558 3345 1587 3392 7
1628 3340 1814 3408 (Paul.
1857 3342 2033 3407 1637).

418 3416 449 3476 s
489 3417 609 3466 235.
676 3412 745 3478 cf.
794 3413 841 3464 Ι.
900 3418 951 3480 6,
981 3417 1068 3480 20,
1097 3416 1182 3465 36.
1268 3412 1390 3480 Uzp.
1438 3416 1525 3478 24,
1557 3417 1640 3464 11.
1680 3415 1880 3476 65,13.
1956 3413 2031 3465 D.
2082 3415 2167 3478 34,
2198 3416 2248 3479 6,
2279 3418 2307 3464 1

277 3483 426 3549 (Afr.
469 3486 608 3552 122).
676 3487 761 3550 34,
791 3487 901 3551 6,6
950 3485 1256 3552 (Marciwn.
1299 3488 1440 3553 110).
1500 3487 1762 3550 35,1,16
1821 3483 1973 3553 (Uzp.
2013 3486 2191 3552 6666).
2253 3483 2312 3538 G.

279 3557 329 3620 6,
357 3559 444 3621 41,
476 3561 503 3608 1
545 3557 617 3624 (a.
648 3557 790 3627 528).
864 3555 1061 3626 Scrtspt.
1101 3555 1251 3610 Hist.
1291 3557 1438 3627 Any.
1477 3557 1684 3610 Anum.
1725 3556 1868 3610 Pius
1905 3558 1956 3623 8,
1986 3559 2035 3608 5.

2350 1673 2451 1723 114
