2650 3917
876 170 1242 225 MASV'RIVS
1282 169 1606 225 SABINVS.
2193 170 2273 233 77

231 337 562 399 seruasset
602 337 665 396 et
701 332 919 397 hostes
963 332 1205 397 ibidem
1311 353 1395 396 ne
1441 354 1586 397 eum
1612 334 1858 417 locum,
1900 332 1963 396 in
2016 353 2144 417 quo
2192 335 2277 397 sit

231 423 400 487 duos
448 422 905 506 interfecisset,
956 422 1070 486 sed
1113 421 1205 487 lo-
1314 426 1548 504 actum,
1593 422 1803 487 hostis
1852 422 2143 507 optineat
2199 443 2275 486 eo

230 535 413 596 cum,
496 513 567 576 in
643 533 770 595 quo
853 510 1206 598 pugnabat,
1314 510 1444 596 die,
1509 516 1582 575 ut
1643 516 1935 575 seruatus
1996 511 2277 575 fateatur

228 624 366 667 non
409 601 790 665 retinuisset
819 622 1024 684 eoque
1059 600 1205 665 loco
1314 638 1404 647 —
1449 602 1608 666 alias
1663 604 1860 664 testes
1915 600 2081 665 nihil
2130 622 2276 683 pro-

228 689 459 756 hostes
523 690 758 774 potiti¹
811 693 1054 773 essent,
1113 712 1207 753 re·
1315 693 1466 753 sunt
1520 727 1634 773 —,
1700 694 1773 753 ut
1838 689 1999 753 ciuis
2062 690 2276 754 fuerit.
2333 714 2357 755 5

231 782 577 863 scripsisse
643 778 802 842 dicit
857 800 1003 843 eum
1052 800 1208 862 quo·
1315 778 1555 843 auxilia
1611 778 1908 863 quamuis
1954 800 2103 864 rege
2151 799 2276 842 ser-

231 890 361 954 que
410 868 620 933 ciuica
666 867 933 954 dignum
981 868 1207 951 uideri,
1313 872 1466 932 uato
1515 868 1707 932 decus
1753 889 1887 933 non
1933 867 2114 950 dant,
2161 889 2278 931 nec

231 957 413 1043 quod
486 961 829 1042 appareret
910 979 944 1021 e
1034 955 1208 1021 tam²
1314 959 1543 1022 crescit
1587 958 1793 1022 honos
1855 957 2026 1021 idem
2081 959 2278 1041 impe-

228 1048 464 1132 iniquo
525 1048 671 1112 loco
729 1047 936 1111 ciuem
993 1047 1073 1110 ab
1129 1067 1205 1109 eo
1312 1050 1529 1110 ratore
1548 1051 1950 1129 conseruatO,
1975 1046 2279 1130 quoniam

231 1140 590 1219 seruatum,
636 1133 749 1199 ut⁸
786 1136 979 1199 etiam
1008 1159 1046 1200 a
1076 1136 1205 1199 for·
1316 1135 1680 1200 conditores
1747 1137 1814 1198 in
1872 1156 2278 1220 quocumque
2308 1161 2359 1202 ιο

229 1227 390 1291 titer
434 1225 885 1325 pugnantibus
942 1225 1207 1288 retineri
1314 1226 1523 1289 ciuem
1589 1247 1912 1289 summum
1981 1246 2116 1289 esse
2167 1247 2277 1289 uo-

230 1338 368 1381 non
417 1314 729 1399 quiuerit.
794 1351 882 1360 —
953 1314 1106 1379 Gen.
1146 1313 1207 1398 5,
1316 1314 1507 1377 luere.
1618 1317 1880 1398 accepta
1950 1315 2104 1378 licet
2177 1314 2275 1378 uti

229 1405 434 1489 6‚13.
502 1404 607 1468 14.
1312 1406 1642 1487 perpetuo,
1763 1402 1935 1468 ludis
2028 1403 2277 1467 ineunti

1314 1515 1567 1576 semper
1627 1493 1887 1579 adsurgi
1947 1494 2140 1556 etiam
2196 1492 2277 1555 ab

1316 1586 1541 1646 senatu
1570 1582 1638 1645 in
1668 1603 1846 1646 more
1875 1587 1989 1664 est,
2020 1582 2279 1646 sedendi
2310 1608 2358 1647 15

1312 1673 1416 1735 ius
1491 1673 1559 1735 in
1630 1673 1927 1754 proximo
2011 1671 2278 1735 senatui.

1315 1761 1568 1824 uacatio
1615 1782 1957 1824 munerum
1989 1762 2276 1825 omnium

1314 1850 1444 1932 ipsi
1506 1850 1805 1934 patrique
1861 1853 1925 1912 et
1990 1871 2114 1914 auo
2171 1871 2278 1931 pa-

1315 1941 1519 2003 terno.
1584 1975 1671 1984 ——-
1738 1938 1912 2003 Ptin.
1957 1959 2019 2003 n.
2065 1938 2122 2002 h.
2179 1937 2279 2021 16,

1321 2027 1602 2111 11-13,
1646 2029 1757 2108 qui
1793 2025 2101 2093 Sabinum
2142 2027 2280 2092 lau-
2309 2052 2360 2092 20

1316 2117 1429 2182 dat
1477 2122 1786 2181 auctorem
1844 2123 1900 2181 et
1952 2119 2024 2181 in
2075 2118 2280 2181 indice

1315 2212 1638 2271 coactorum
1711 2206 1861 2271 libri
1929 2205 2010 2270 16
2083 2212 2141 2271 et
2208 2208 2281 2270 in

1314 2295 1503 2361 huius
1530 2296 1680 2360 libri
1706 2298 1785 2376 ἓξ
1816 2296 1900 2359 75
1928 2302 1986 2361 et
2011 2295 2160 2360 236.
2204 2297 2280 2376 ef.

1316 2386 1507 2450 etiam
1561 2386 1795 2450 Zomvr.
1857 2382 1960 2471 (id
2010 2391 2098 2451 est
2149 2383 2281 2449 Dio

1322 2471 1609 2560 Cassius)
1659 2473 1716 2556 7,
1753 2474 1858 2557 21,
1897 2474 1956 2538 6.
2084 2472 2279 2540 Schol.
2310 2499 2360 2538 2⁵

1317 2563 1555 2628 Ducem.
1599 2564 1655 2646 1,
1692 2561 1840 2628 358.

813 2775 938 2829 EX
971 2774 1364 2829 INCERTIS
1396 2773 1721 2830 ΙΞΙΒΕΙΗ.4

373 2883 465 2948 18.
513 2882 873 2947 Massurius
902 2887 1129 2949 auctor
1157 2888 1253 2947 est
1282 2905 1477 2946 curru
1511 2905 1766 2967 quoque
1804 2881 2280 2966 triumphantes

234 2977 498 3058 myrtea
542 2993 784 3036 corona
826 2993 998 3038 usos.
1043 3009 1132 3019 —
1180 2972 1355 3037 Plin.
1393 2993 1454 3036 n.
1491 2974 1549 3037 h.
1593 2972 1694 3055 15,
1736 2972 1878 3036 126.

375 3062 467 3127 19.
517 3058 617 3125 Ob
663 3060 781 3125 has
828 3083 1052 3126 causas
1099 3060 1396 3145 equidem
1444 3062 1823 3126 crediderim
1868 3061 2178 3126 honorem
2224 3062 2283 3126 ei
2310 3086 2363 3127 so

235 3154 349 3238 (se.
398 3148 618 3234 lauro)
684 3150 979 3215 habitum
1026 3151 1096 3215 in
1148 3149 1497 3235 triumphis
1561 3153 1806 3235 potius,
1872 3173 2066 3234 quam
2131 3152 2283 3235 quia

389 3347 445 3415 1)
483 3343 660 3413 positi
697 3343 829 3399 libri
865 3344 995 3399 boni
1029 3345 1253 3415 (VPR)
1429 3346 1481 3415 2)
1521 3359 1552 3398 e
1588 3346 1705 3397 tam
1759 3344 2023 3399 editiones
2070 3352 2279 3400 veteres,

236 3419 302 3472 et
354 3420 480 3470 tam
529 3415 647 3481 VP,
702 3415 787 3468 ita
825 3416 896 3470 R.
1089 3418 1140 3486 3)
1180 3418 1281 3469 aut
1337 3416 1468 3470 libri
1521 3416 1664 3470 boni.
1847 3416 1961 3485 4)‘
1967 3433 2033 3470 ex
2087 3417 2284 3485 quibus

237 3487 664 3558 quaeleius
716 3489 967 3552 servavit,
1017 3503 1133 3542 non
1188 3487 1378 3542 dubito
1433 3489 1621 3542 omnia
1674 3488 2074 3543 memoriali-'mn
2128 3488 2284 3542 libris

238 3559 630 3616 deber-ersa
