2650 3917
600 138 699 192 AD
739 137 976 193 GAIVM
1010 137 1364 191 PRAEFAT.
1404 136 1749 192 HvsoHKn
1783 137 1898 192 ΕΙ).
1936 138 1977 194 1.
2183 131 2310 200 135

266 301 578 383 ‘relinqui'
617 307 890 384 legatum
916 296 1015 365 vel
1046 302 1298 383 ‘legari',
1340 306 1498 382 quod
1534 310 1604 365 ut
1632 306 1969 366 Alexander
2005 309 2066 367 et
2105 307 2310 366 Schul-

262 397 497 475 tingius
564 396 641 455 ad
699 393 813 454 Grai
864 397 1004 471 epit.
1054 398 1112 469 2,
1146 398 1179 454 7
1230 394 1269 470 ἓ
1310 396 1347 454 8
1399 399 1461 454 et
1509 401 1565 470 1,
1599 400 1630 455 1
1683 395 1722 472 ξ
1763 399 1803 454 4
1866 398 2180 471 notarunt,
2244 398 2311 454 in

262 487 569 545 breviario
606 485 952 545 Alariciano
1000 484 1343 560 saepissime
1389 484 1632 563 legitur,
1679 488 1818 544 ante
1863 486 2042 544 finem
2087 487 2312 545 saeculi

268 575 490 653 quinti,
538 593 656 650 quo
702 576 938 634 tantam
982 577 1155 633 vetus
1200 572 1501 633 Latinitas
1548 575 1783 633 ruinam
1830 568 2008 650 passa
2054 577 2163 650 est,
2209 576 2309 632 vix

263 668 359 724 ita
402 666 469 722 in
515 674 690 723 usum
734 663 990 741 venerit,
1045 667 1114 722 ut
1167 683 1276 739 pro
1333 663 1690 742 glossemate
1754 664 2136 738 scriberetur3
2202 663 2309 722 illo

264 773 411 813 vero
457 753 590 813 loco
636 754 760 811 iam
804 752 870 810 in
916 772 985 812 eo
1047 752 1245 812 codice
1309 753 1493 812 fuisse
1556 752 1824 830 videtur,
1888 754 2044 813 unde
2107 756 2311 812 noster

263 842 670 918 transcriptus
717 845 823 901 est.
916 840 1074 910 Quid
1121 842 1280 917 quod
1322 846 1378 917 1,
1412 843 1569 901 166⁸
1613 841 1912 902 rubricam
1958 843 2064 917 qui
2107 844 2310 917 posuit

267 929 367 991 ‘de
412 931 727 990 fiduciaria
771 926 1007 1005 tutela',
1053 930 1162 989 ubi
1205 933 1336 1006 ipse
1382 929 1565 990 Graius
1614 930 1685 990 de
1731 930 2057 991 fiduciariis
2102 931 2309 990 tutelis

264 1022 556 1097 loquitur,
619 1022 768 1078 iuris
832 1019 1152 1080 Iustiniani
1208 1023 1269 1079 et
1331 1021 1519 1097 ipsius
1584 1020 1854 1079 rubricae
1905 1021 2001 1078 tit.
2039 1019 2084 1079 Ι.
2137 1024 2194 1094 1,
2226 1023 2258 1077 1
2271 1021 2306 1078 9

265 1110 511 1170 videtur
556 1109 957 1186 cognitionem
996 1112 1056 1168 et
1091 1111 1390 1169 rationem
1425 1109 1718 1169 habuisse.
1814 1107 1984 1169 Certe
2022 1108 2310 1168 abolitam

267 1202 395 1261 eius
443 1201 646 1258 aetate
692 1199 945 1258 tutelam
991 1199 1343 1258 muliebrem
1385 1197 1589 1275 prodit
1632 1198 1872 1258 rubrica
1930 1199 2069 1258 ante
2117 1201 2176 1272 2,
2207 1199 2309 1258 80.

266 1290 588 1348 Praeterea
624 1287 946 1346 barbarum
983 1307 1195 1347 aevum
1234 1290 1397 1364 sapit
1433 1290 1722 1347 vitiorum
1759 1288 2041 1364 qualitas,
2087 1287 2310 1363 partim

267 1379 744 1452 deterrimorum,
791 1376 1007 1452 quibus
1054 1377 1235 1436 codex
1280 1378 1534 1436 refertus
1582 1381 1688 1453 est,
1736 1396 2007 1453 quaeque
2062 1377 2311 1453 faciunt,

267 1471 339 1527 ut
381 1481 600 1544 parum
656 1485 726 1525 ex
782 1469 910 1525 arte
976 1486 1150 1544 agere
1214 1466 1552 1543 videantur,
1618 1468 1722 1541 qui
1786 1466 2036 1541 casibus,
2100 1466 2310 1542 modis,

265 1556 641 1660 temporibus
679 1557 889 1614 contra
924 1557 1221 1614 rationem
1263 1553 1495 1631 Gaique
1543 1556 1758 1615 aetatis
1796 1575 2020 1615 morem
2055 1574 2092 1615 a
2127 1556 2312 1615 libra-

264 1647 360 1705 rio
404 1646 621 1723 positis
669 1644 1105 1720 similibusque,
1142 1647 1212 1704 ut
1247 1664 1385 1705 vere
1432 1644 1643 1717 dicam,
1680 1647 1849 1705 vitiis
1892 1644 2309 1706 conservandis

267 1753 494 1813 magna
541 1752 683 1793 cura
729 1734 998 1807 student,
1054 1733 1227 1809 quasi
1271 1736 1324 1793 is
1383 1735 1765 1809 antiquitatis
1819 1736 1991 1794 testis
2048 1737 2203 1794 esset
2246 1735 2311 1793 in

265 1825 430 1884 111300
474 1823 655 1882 101)113
709 1823 826 1881 fide
888 1823 1119 1900 dignus.
1211 1822 1481 1883 Eandem
1542 1825 1799 1882 aetatem
1860 1823 2062 1899 prodit
2119 1823 2310 1883 rubri-

268 1933 476 1974 carum
550 1911 732 1988 ratio,
797 1931 946 1988 quas
1010 1912 1291 1971 librarius
1306 1909 1327 1943 ¹
1392 1912 1644 1989 singulis
1718 1913 1987 1972 materiis
2052 1915 2308 1972 maxime

266 2003 444 2063 initio
500 2002 698 2078 operis
752 2003 1140 2077 praescripsit
1194 2001 1483 2078 quibusve
1546 2001 2017 2077 praescribendis
2071 2004 2309 2078 saepius

268 2093 538 2168 spatium
601 2109 857 2150 vacuum
920 2090 1191 2166 reliquit3
1260 2090 1404 2149 licet
1467 2093 1627 2150 enim
1690 2090 1980 2150 eiusmodi
2042 2091 2308 2151 rubricas

270 2173 460 2262 (quod
507 2181 709 2255 ipsum
766 2198 981 2239 nomen
1048 2178 1368 2255 aliquoties
1431 2182 1711 2239 notatum
1755 2181 1819 2238 in
1869 2175 1929 2238 G.
1975 2173 2309 2261 invenitur)

416 2387 468 2453 1)
505 2383 655 2438 Nam
693 2385 764 2438 ab
802 2385 926 2454 ipso
964 2385 1105 2440 Gaio
1144 2404 1235 2439 eas
1273 2386 1556 2455 profectas
1593 2403 1707 2440 non
1744 2403 1863 2440 esse
1891 2385 2006 2439 iam
2036 2385 2309 2441 Goesche·

265 2473 374 2510 nus
412 2455 595 2510 Praef.
632 2474 687 2524 p.
718 2456 965 2525 XXVIII,
1002 2456 1206 2511 XXXV
1244 2457 1330 2512 ed.
1360 2457 1586 2512 Lachm.
1614 2459 1765 2512 recte
1802 2457 2089 2512 iudicavit.
2147 2457 2310 2511 Unde

266 2527 606 2598 Boeckingii
662 2528 958 2583 consilium
1004 2546 1118 2584 non
1171 2529 1365 2598 probo,
1422 2530 1521 2598 qui
1559 2530 1644 2584 ed.
1687 2536 1717 2584 5
1774 2529 1948 2583 etiam
1999 2547 2109 2596 eas,
2164 2545 2310 2597 quae

266 2601 464 2653 deesse
502 2599 557 2653 ei
592 2599 744 2654 visae
789 2602 937 2667 sunt,
993 2601 1245 2655 rubricas
1292 2601 1590 2670 supplevit.
1665 2600 1894 2655 Rectius
1933 2601 2058 2669 quis
2096 2600 2310 2667 fecerit,

265 2671 370 2739 qui
404 2671 496 2724 vel
534 2688 627 2725 eas
686 2673 1106 2739 exterminaret,
1162 2688 1307 2740 quae
1354 2690 1503 2728 nunc
1547 2672 1727 2726 invito
1767 2671 1907 2726 Gaio
1944 2671 2153 2726 librum
2190 2671 2309 2725 eius

265 2744 533 2807 onerant3
598 2743 647 2796 is
703 2743 853 2797 enim
908 2743 1035 2812 ipsa
1090 2744 1342 2798 oratione
1408 2743 1889 2811 divisionibusque
1946 2745 2077 2812 apte
2141 2734 2308 2797 factis

265 2813 450 2868 multo
506 2784 729 2867 doctius
775 2815 1040 2883 providit,
1094 2818 1159 2869 111
1204 2814 1383 2870 lector
1427 2832 1540 2869 non
1575 2814 1742 2885 plane
1781 2815 2040 2869 indoctus
2084 2813 2310 2897 singula

189 2922 200 2932 .
266 2901 529 2953 quaeque
585 2883 754 2939 facile
808 2886 1100 2941 inveniret.
1174 2886 1290 2955 Ipsi
1335 2885 1554 2941 librarii
1609 2886 1862 2940 rubricas
1911 2885 2177 2940 continuo
2223 2885 2310 2938 in

267 2955 517 3011 scribere
557 2956 706 3010 circa
741 2957 910 3011 finem
946 2956 1076 3025 loci,
1113 2958 1213 3027 qui
1250 2960 1336 3011 est
1373 2958 1443 3011 de
1481 2957 1879 3025 contractibus,
1916 2957 2178 3010 videntur
2214 2956 2310 3011 de-

266 3027 486 3093 sivisse,
527 3027 720 3095 cred0,
757 3028 894 3095 quia
931 2999 1200 3083 continua
1245 3028 1417 3083 lectio
1454 3029 1514 3082 in
1560 3029 1768 3084 scholis
1813 3045 1940 3084 raro
1985 3027 2136 3082 ultra
2183 3045 2309 3082 eum

265 3099 459 3155 locum
496 3069 813 3167 perveniret
849 3102 907 3153 et
945 3117 1012 3154 ex
1059 3102 1257 3168 quarto
1305 3101 1706 3155 commentario
1751 3117 1932 3170 pauca
1976 3101 2199 3153 tantum
2240 3101 2308 3153 de

266 3170 619 3237 actionibus,
684 3187 869 3239 pauca
933 3172 1002 3225 de
1068 3171 1492 3240 exceptionibus
1556 3173 1912 3227 traderentur
1976 3171 2067 3241 (cf.
2135 3174 2307 3235 const.

268 3242 510 3297 Omnem
545 3241 685 3310 reip.
726 3248 757 3308 ς
800 3245 866 3311 1).
942 3241 1102 3297 Certe
1141 3242 1197 3298 G.
1236 3243 1438 3298 Veron.
1476 3260 1681 3299 vacuas
1719 3243 1897 3297 lineas
1933 3242 2307 3296 inscribendis

265 3313 507 3369 rubricis
566 3312 876 3368 destinatas
923 3331 1036 3368 non
1091 3315 1344 3369 continet
1398 3315 1508 3369 nisi
1562 3333 1740 3384 usque
1778 3315 1850 3368 ad
1905 3313 2068 3368 illum
2122 3313 2309 3369 locum

267 3386 357 3453 (cf.
395 3387 514 3439 not.
546 3385 621 3438 ad
661 3390 870 3453 3,141,
912 3391 1016 3440 168
1054 3386 1165 3457 [ed.
1196 3386 1293 3457 5])‚
1331 3386 1431 3440 ubi
1469 3387 1641 3441 etiam
1678 3387 1739 3440 in
1767 3386 2007 3456 Visigot.
2043 3385 2310 3454 Epitoma

267 3456 425 3510 tituli
463 3456 585 3511 fere
633 3427 929 3525 «1011010111,
977 3461 1034 3511 et
1078 3460 1372 3527 praeterea
1425 3460 1647 3512 tantum
1698 3459 1865 3513 initio
1904 3474 2099 3511 comm.
2137 3458 2216 3512 IV
2253 3461 2311 3512 et

270 3530 398 3583 ante
434 3536 467 3596 ξ
508 3533 631 3582 115.
