<?xml version="1.0" encoding="UTF-8"?>
<!DOCTYPE html PUBLIC "-//W3C//DTD XHTML 1.0 Transitional//EN"
    "http://www.w3.org/TR/xhtml1/DTD/xhtml1-transitional.dtd">
<html xmlns="http://www.w3.org/1999/xhtml" xml:lang="en" lang="en">
 <head>
  <title>
</title>
<meta http-equiv="Content-Type" content="text/html;charset=utf-8" />
  <meta name='ocr-system' content='tesseract 3.04.00' />
  <meta name='ocr-capabilities' content='ocr_page ocr_carea ocr_par ocr_line ocrx_word'/>
</head>
<body>
  <div class='ocr_page' id='page_1' title='image "./ivrisprvdentiae00kbgoog/ivrisprvdentiae00kbgoog_0082.png"; bbox 0 0 2650 3917; ppageno 0'>
   <div class='ocr_carea' id='block_1_1' title="bbox 336 136 2049 203">
    <p class='ocr_par' dir='ltr' id='par_1_1' title="bbox 336 136 2049 203">
     <span class='ocr_line' id='line_1_1' title="bbox 336 136 2049 203; baseline 0.001 -11"><span class='ocrx_word' id='word_1_1' title='bbox 336 139 424 203; x_wconf 86' lang='lat'>46</span> <span class='ocrx_word' id='word_1_2' title='bbox 691 140 754 194; x_wconf 89' lang='lat' dir='ltr'>A.</span> <span class='ocrx_word' id='word_1_3' title='bbox 795 137 1226 193; x_wconf 85' lang='lat' dir='ltr'>CASCELLIVS</span> <span class='ocrx_word' id='word_1_4' title='bbox 1268 170 1337 178; x_wconf 87' lang='lat'><em>-</em></span> <span class='ocrx_word' id='word_1_5' title='bbox 1376 138 1442 196; x_wconf 85' lang='lat' dir='ltr'>L.</span> <span class='ocrx_word' id='word_1_6' title='bbox 1473 137 1714 193; x_wconf 87' lang='lat' dir='ltr'><strong>IVLIVS</strong></span> <span class='ocrx_word' id='word_1_7' title='bbox 1752 136 2049 193; x_wconf 86' lang='lat' dir='ltr'>CAESAR.</span> 
     </span>
    </p>
   </div>
   <div class='ocr_carea' id='block_1_2' title="bbox 338 300 2382 564">
    <p class='ocr_par' dir='ltr' id='par_1_2' title="bbox 338 300 2382 564">
     <span class='ocr_line' id='line_1_2' title="bbox 338 300 2376 387; baseline 0.001 -22"><span class='ocrx_word' id='word_1_8' title='bbox 338 305 645 385; x_wconf 87' lang='lat' dir='ltr'>putasset,</span> <span class='ocrx_word' id='word_1_9' title='bbox 690 324 962 387; x_wconf 78' lang='lat' dir='ltr'>negasse</span> <span class='ocrx_word' id='word_1_10' title='bbox 1006 303 1190 368; x_wconf 86' lang='lat' dir='ltr'>aiunt</span> <span class='ocrx_word' id='word_1_11' title='bbox 1237 301 1613 367; x_wconf 77' lang='lat' dir='ltr'>Trebatium</span> <span class='ocrx_word' id='word_1_12' title='bbox 1653 322 1733 365; x_wconf 87' lang='lat' dir='ltr'>ex</span> <span class='ocrx_word' id='word_1_13' title='bbox 1772 300 1983 367; x_wconf 87' lang='lat' dir='ltr'>edicto</span> <span class='ocrx_word' id='word_1_14' title='bbox 2022 302 2128 384; x_wconf 69' lang='lat' dir='ltr'>aqi</span> <span class='ocrx_word' id='word_1_15' title='bbox 2162 322 2376 386; x_wconf 89' lang='lat' dir='ltr'>posse,</span> 
     </span>
     <span class='ocr_line' id='line_1_3' title="bbox 340 390 2382 478; baseline 0 -23"><span class='ocrx_word' id='word_1_16' title='bbox 340 391 396 456; x_wconf 88' lang='lat' dir='ltr'>si</span> <span class='ocrx_word' id='word_1_17' title='bbox 443 412 517 455; x_wconf 88' lang='lat' dir='ltr'>ea</span> <span class='ocrx_word' id='word_1_18' title='bbox 561 390 796 456; x_wconf 88' lang='lat' dir='ltr'>mulier</span> <span class='ocrx_word' id='word_1_19' title='bbox 840 413 880 455; x_wconf 88' lang='lat' dir='ltr'>a</span> <span class='ocrx_word' id='word_1_20' title='bbox 930 390 1251 476; x_wconf 89' lang='lat' dir='ltr'>principio</span> <span class='ocrx_word' id='word_1_21' title='bbox 1309 390 1580 478; x_wconf 76' lang='lat' dir='ltr'>genitali</span> <span class='ocrx_word' id='word_1_22' title='bbox 1634 390 1972 456; x_wconf 73' lang='lat' dir='ltr'><strong>sterilitate</strong></span> <span class='ocrx_word' id='word_1_23' title='bbox 2027 394 2211 455; x_wconf 89' lang='lat' dir='ltr'>esset.</span> <span class='ocrx_word' id='word_1_24' title='bbox 2304 396 2382 455; x_wconf 80' lang='lat' dir='ltr'>at</span> 
     </span>
     <span class='ocr_line' id='line_1_4' title="bbox 338 479 2371 564; baseline -0.001 -19"><span class='ocrx_word' id='word_1_25' title='bbox 338 479 394 545; x_wconf 88' lang='lat' dir='ltr'>si</span> <span class='ocrx_word' id='word_1_26' title='bbox 447 480 739 545; x_wconf 89' lang='lat' dir='ltr'>ualitudo</span> <span class='ocrx_word' id='word_1_27' title='bbox 801 481 939 544; x_wconf 90' lang='lat' dir='ltr'>eius</span> <span class='ocrx_word' id='word_1_28' title='bbox 1002 481 1378 545; x_wconf 89' lang='lat' dir='ltr'>offendisset</span> <span class='ocrx_word' id='word_1_29' title='bbox 1440 501 1647 564; x_wconf 81' lang='lat' dir='ltr'>exque</span> <span class='ocrx_word' id='word_1_30' title='bbox 1694 501 1769 544; x_wconf 88' lang='lat' dir='ltr'>ea</span> <span class='ocrx_word' id='word_1_31' title='bbox 1830 479 2066 544; x_wconf 91' lang='lat' dir='ltr'>uitium</span> <span class='ocrx_word' id='word_1_32' title='bbox 2128 479 2371 544; x_wconf 83' lang='lat' dir='ltr'>factum</span> 
     </span>
    </p>
   </div>
   <div class='ocr_carea' id='block_1_3' title="bbox 284 569 2380 834">
    <p class='ocr_par' dir='ltr' id='par_1_3' title="bbox 284 569 2380 834">
     <span class='ocr_line' id='line_1_5' title="bbox 338 569 2380 656; baseline 0 -23"><span class='ocrx_word' id='word_1_33' title='bbox 338 572 536 652; x_wconf 88' lang='lat' dir='ltr'>esset,</span> <span class='ocrx_word' id='word_1_34' title='bbox 581 572 656 633; x_wconf 93' lang='lat' dir='ltr'>ut</span> <span class='ocrx_word' id='word_1_35' title='bbox 701 569 1037 656; x_wconf 80' lang='lat' dir='ltr'>concipere</span> <span class='ocrx_word' id='word_1_36' title='bbox 1081 570 1254 634; x_wconf 87' lang='lat' dir='ltr'>fetus</span> <span class='ocrx_word' id='word_1_37' title='bbox 1299 591 1432 634; x_wconf 91' lang='lat' dir='ltr'>non</span> <span class='ocrx_word' id='word_1_38' title='bbox 1478 573 1725 655; x_wconf 88' lang='lat' dir='ltr'>posset,</span> <span class='ocrx_word' id='word_1_39' title='bbox 1770 572 1911 634; x_wconf 90' lang='lat' dir='ltr'>tum</span> <span class='ocrx_word' id='word_1_40' title='bbox 1966 590 2186 633; x_wconf 85' lang='lat' dir='ltr'>sanam</span> <span class='ocrx_word' id='word_1_41' title='bbox 2239 590 2380 633; x_wconf 80' lang='lat' dir='ltr'>non-</span> 
     </span>
     <span class='ocr_line' id='line_1_6' title="bbox 284 657 2375 742; baseline -0.001 -17"><span class='ocrx_word' id='word_1_42' title='bbox 284 685 308 725; x_wconf 86' lang='lat'>5</span> <span class='ocrx_word' id='word_1_43' title='bbox 337 658 544 723; x_wconf 90' lang='lat' dir='ltr'>uideri</span> <span class='ocrx_word' id='word_1_44' title='bbox 579 662 643 722; x_wconf 91' lang='lat' dir='ltr'>et</span> <span class='ocrx_word' id='word_1_45' title='bbox 679 680 818 723; x_wconf 91' lang='lat' dir='ltr'>esse</span> <span class='ocrx_word' id='word_1_46' title='bbox 855 659 926 723; x_wconf 90' lang='lat' dir='ltr'>in</span> <span class='ocrx_word' id='word_1_47' title='bbox 961 680 1152 723; x_wconf 89' lang='lat' dir='ltr'>causa</span> <span class='ocrx_word' id='word_1_48' title='bbox 1187 658 1660 724; x_wconf 79' lang='lat' dir='ltr'>redhibitionis,</span> <span class='ocrx_word' id='word_1_49' title='bbox 1691 696 1773 704; x_wconf 90' lang='lat'>—-</span> <span class='ocrx_word' id='word_1_50' title='bbox 1811 657 1968 724; x_wconf 66' lang='lat' dir='ltr'>Gall.</span> <span class='ocrx_word' id='word_1_51' title='bbox 1995 658 2058 742; x_wconf 90' lang='lat'>4,</span> <span class='ocrx_word' id='word_1_52' title='bbox 2087 657 2148 741; x_wconf 92' lang='grc'>2,</span> <span class='ocrx_word' id='word_1_53' title='bbox 2178 659 2236 723; x_wconf 88' lang='grc'>9.</span> <span class='ocrx_word' id='word_1_54' title='bbox 2271 658 2375 722; x_wconf 87' lang='grc'>10.</span> 
     </span>
     <span class='ocr_line' id='line_1_7' title="bbox 336 746 1488 834; baseline -0.003 -19"><span class='ocrx_word' id='word_1_55' title='bbox 336 748 411 829; x_wconf 78' lang='lat' dir='ltr'>cf.</span> <span class='ocrx_word' id='word_1_56' title='bbox 447 746 534 815; x_wconf 90' lang='lat' dir='ltr'>D.</span> <span class='ocrx_word' id='word_1_57' title='bbox 571 748 678 832; x_wconf 94' lang='grc'>21,</span> <span class='ocrx_word' id='word_1_58' title='bbox 720 749 777 832; x_wconf 94' lang='grc'>1,</span> <span class='ocrx_word' id='word_1_59' title='bbox 818 748 920 833; x_wconf 87' lang='grc'>14,</span> <span class='ocrx_word' id='word_1_60' title='bbox 956 748 996 811; x_wconf 87' lang='lat'><strong>3</strong></span> <span class='ocrx_word' id='word_1_61' title='bbox 1045 746 1223 834; x_wconf 77' lang='lat' dir='ltr'><em>(Ulp.</em></span> <span class='ocrx_word' id='word_1_62' title='bbox 1267 747 1488 832; x_wconf 84' lang='lat'><em>1760).</em></span> 
     </span>
    </p>
   </div>
   <div class='ocr_carea' id='block_1_4' title="bbox 1026 940 1741 1010">
    <p class='ocr_par' dir='ltr' id='par_1_4' title="bbox 1026 940 1741 1010">
     <span class='ocr_line' id='line_1_8' title="bbox 1026 940 1741 1010; baseline -0.004 0"><span class='ocrx_word' id='word_1_63' title='bbox 1026 942 1107 1010; x_wconf 86' lang='lat' dir='ltr'>A.</span> <span class='ocrx_word' id='word_1_64' title='bbox 1154 940 1683 1008; x_wconf 84' lang='lat' dir='ltr'>CASCELLIVS</span> <span class='ocrx_word' id='word_1_65' title='bbox 1738 966 1741 969; x_wconf 50' lang='lat'><strong>⁴</strong></span> 
     </span>
    </p>
   </div>
   <div class='ocr_carea' id='block_1_5' title="bbox 1082 1047 1637 1118">
    <p class='ocr_par' dir='ltr' id='par_1_5' title="bbox 1082 1047 1637 1118">
     <span class='ocr_line' id='line_1_9' title="bbox 1082 1047 1637 1118; baseline -0.002 -16"><span class='ocrx_word' id='word_1_66' title='bbox 1082 1047 1355 1118; x_wconf 85' lang='lat' dir='ltr'>(eiusdem</span> <span class='ocrx_word' id='word_1_67' title='bbox 1395 1047 1637 1117; x_wconf 82' lang='lat' dir='ltr'>aetatis).</span> 
     </span>
    </p>
   </div>
   <div class='ocr_carea' id='block_1_6' title="bbox 255 1155 2388 2146">
    <p class='ocr_par' dir='ltr' id='par_1_6' title="bbox 255 1155 2388 2133">
     <span class='ocr_line' id='line_1_10' title="bbox 468 1155 2388 1226; baseline -0.002 -2"><span class='ocrx_word' id='word_1_68' title='bbox 468 1159 515 1226; x_wconf 93' lang='grc'>1.</span> <span class='ocrx_word' id='word_1_69' title='bbox 565 1155 927 1222; x_wconf 69' lang='lat' dir='ltr'>Cascellius</span> <span class='ocrx_word' id='word_1_70' title='bbox 948 1158 1108 1222; x_wconf 90' lang='lat' dir='ltr'>iuris</span> <span class='ocrx_word' id='word_1_71' title='bbox 1145 1158 1479 1222; x_wconf 88' lang='lat' dir='ltr'>consultus</span> <span class='ocrx_word' id='word_1_72' title='bbox 1515 1156 1902 1222; x_wconf 82' lang='lat' dir='ltr'>urbanitatis</span> <span class='ocrx_word' id='word_1_73' title='bbox 1936 1157 2136 1221; x_wconf 84' lang='lat' dir='ltr'>mirae</span> <span class='ocrx_word' id='word_1_74' title='bbox 2181 1156 2388 1221; x_wconf 83' lang='lat' dir='ltr'>liber-</span> 
     </span>
     <span class='ocr_line' id='line_1_11' title="bbox 256 1246 2376 1332; baseline -0.002 -17"><span class='ocrx_word' id='word_1_75' title='bbox 256 1275 309 1315; x_wconf 82' lang='grc' dir='ltr'>ιο</span> <span class='ocrx_word' id='word_1_76' title='bbox 334 1248 619 1331; x_wconf 90' lang='lat' dir='ltr'>tatisque</span> <span class='ocrx_word' id='word_1_77' title='bbox 663 1246 1049 1332; x_wconf 82' lang='lat' dir='ltr'>habebatur3</span> <span class='ocrx_word' id='word_1_78' title='bbox 1107 1247 1449 1330; x_wconf 87' lang='lat' dir='ltr'>praecipue</span> <span class='ocrx_word' id='word_1_79' title='bbox 1493 1250 1709 1311; x_wconf 87' lang='lat' dir='ltr'>tamen</span> <span class='ocrx_word' id='word_1_80' title='bbox 1757 1246 1812 1310; x_wconf 88' lang='lat' dir='ltr'>is</span> <span class='ocrx_word' id='word_1_81' title='bbox 1868 1246 2047 1311; x_wconf 88' lang='lat' dir='ltr'>iocus</span> <span class='ocrx_word' id='word_1_82' title='bbox 2093 1247 2230 1310; x_wconf 87' lang='lat' dir='ltr'>eius</span> <span class='ocrx_word' id='word_1_83' title='bbox 2277 1246 2376 1310; x_wconf 92' lang='lat' dir='ltr'>in—</span> 
     </span>
     <span class='ocr_line' id='line_1_12' title="bbox 337 1334 2374 1422; baseline 0 -21"><span class='ocrx_word' id='word_1_84' title='bbox 337 1338 579 1401; x_wconf 89' lang='lat' dir='ltr'>notuit:</span> <span class='ocrx_word' id='word_1_85' title='bbox 625 1336 948 1419; x_wconf 88' lang='lat' dir='ltr'>lapidatus</span> <span class='ocrx_word' id='word_1_86' title='bbox 996 1359 1035 1402; x_wconf 88' lang='lat' dir='ltr'>a</span> <span class='ocrx_word' id='word_1_87' title='bbox 1078 1335 1320 1421; x_wconf 88' lang='lat' dir='ltr'>populo</span> <span class='ocrx_word' id='word_1_88' title='bbox 1369 1335 1673 1400; x_wconf 84' lang='lat' dir='ltr'>Vatinius</span> <span class='ocrx_word' id='word_1_89' title='bbox 1721 1356 1867 1399; x_wconf 93' lang='lat' dir='ltr'>cum</span> <span class='ocrx_word' id='word_1_90' title='bbox 1914 1334 2374 1422; x_wconf 81' lang='lat' dir='ltr'>gladiatorium</span> 
     </span>
     <span class='ocr_line' id='line_1_13' title="bbox 335 1424 2375 1510; baseline 0 -21"><span class='ocrx_word' id='word_1_91' title='bbox 335 1447 568 1490; x_wconf 91' lang='lat' dir='ltr'>munus</span> <span class='ocrx_word' id='word_1_92' title='bbox 616 1425 849 1510; x_wconf 87' lang='lat' dir='ltr'>ederet,</span> <span class='ocrx_word' id='word_1_93' title='bbox 894 1426 1283 1508; x_wconf 87' lang='lat' dir='ltr'>obtinuerat,</span> <span class='ocrx_word' id='word_1_94' title='bbox 1326 1428 1403 1489; x_wconf 84' lang='lat' dir='ltr'>ut</span> <span class='ocrx_word' id='word_1_95' title='bbox 1439 1425 1675 1489; x_wconf 83' lang='lat' dir='ltr'>aediles</span> <span class='ocrx_word' id='word_1_96' title='bbox 1722 1424 2063 1508; x_wconf 88' lang='lat' dir='ltr'>edicerent,</span> <span class='ocrx_word' id='word_1_97' title='bbox 2104 1444 2187 1488; x_wconf 90' lang='lat' dir='ltr'>ne</span> <span class='ocrx_word' id='word_1_98' title='bbox 2224 1426 2375 1509; x_wconf 90' lang='lat' dir='ltr'>quis</span> 
     </span>
     <span class='ocr_line' id='line_1_14' title="bbox 333 1513 2375 1600; baseline -0 -21"><span class='ocrx_word' id='word_1_99' title='bbox 333 1517 403 1579; x_wconf 92' lang='lat' dir='ltr'>in</span> <span class='ocrx_word' id='word_1_100' title='bbox 450 1535 707 1578; x_wconf 87' lang='lat' dir='ltr'>arenam</span> <span class='ocrx_word' id='word_1_101' title='bbox 764 1515 891 1578; x_wconf 91' lang='lat' dir='ltr'>nisi</span> <span class='ocrx_word' id='word_1_102' title='bbox 945 1536 1213 1600; x_wconf 92' lang='lat' dir='ltr'>pomum</span> <span class='ocrx_word' id='word_1_103' title='bbox 1266 1515 1519 1580; x_wconf 80' lang='lat' dir='ltr'>misisse</span> <span class='ocrx_word' id='word_1_104' title='bbox 1574 1514 1788 1578; x_wconf 89' lang='lat' dir='ltr'>uellet.</span> <span class='ocrx_word' id='word_1_105' title='bbox 1879 1513 2048 1578; x_wconf 88' lang='lat' dir='ltr'>forte</span> <span class='ocrx_word' id='word_1_106' title='bbox 2091 1513 2196 1578; x_wconf 89' lang='lat' dir='ltr'>his</span> <span class='ocrx_word' id='word_1_107' title='bbox 2244 1513 2375 1578; x_wconf 88' lang='lat' dir='ltr'>die-</span> 
     </span>
     <span class='ocr_line' id='line_1_15' title="bbox 333 1602 2374 1688; baseline 0 -20"><span class='ocrx_word' id='word_1_108' title='bbox 333 1605 455 1669; x_wconf 89' lang='lat' dir='ltr'>bus</span> <span class='ocrx_word' id='word_1_109' title='bbox 504 1602 853 1668; x_wconf 87' lang='lat' dir='ltr'>Cascellius</span> <span class='ocrx_word' id='word_1_110' title='bbox 903 1603 1235 1668; x_wconf 91' lang='lat' dir='ltr'>consultus</span> <span class='ocrx_word' id='word_1_111' title='bbox 1281 1626 1319 1667; x_wconf 89' lang='lat' dir='ltr'>a</span> <span class='ocrx_word' id='word_1_112' title='bbox 1365 1603 1664 1688; x_wconf 86' lang='lat' dir='ltr'>quodam,</span> <span class='ocrx_word' id='word_1_113' title='bbox 1715 1625 1795 1667; x_wconf 88' lang='lat' dir='ltr'>an</span> <span class='ocrx_word' id='word_1_114' title='bbox 1841 1625 1976 1667; x_wconf 85' lang='lat' dir='ltr'>nux</span> <span class='ocrx_word' id='word_1_115' title='bbox 2021 1602 2213 1688; x_wconf 89' lang='lat' dir='ltr'>pinea</span> <span class='ocrx_word' id='word_1_116' title='bbox 2257 1625 2374 1688; x_wconf 93' lang='lat' dir='ltr'>po-</span> 
     </span>
     <span class='ocr_line' id='line_1_16' title="bbox 255 1691 2373 1777; baseline -0.001 -17"><span class='ocrx_word' id='word_1_117' title='bbox 255 1720 305 1761; x_wconf 85' lang='grc' dir='ltr'>ι5</span> <span class='ocrx_word' id='word_1_118' title='bbox 336 1697 513 1760; x_wconf 90' lang='lat' dir='ltr'>mum</span> <span class='ocrx_word' id='word_1_119' title='bbox 574 1696 759 1775; x_wconf 87' lang='lat' dir='ltr'>esset,</span> <span class='ocrx_word' id='word_1_120' title='bbox 820 1692 1178 1777; x_wconf 87' lang='lat' dir='ltr'>respondit:</span> <span class='ocrx_word' id='word_1_121' title='bbox 1247 1691 1344 1758; x_wconf 82' lang='lat' dir='ltr'>‘Si</span> <span class='ocrx_word' id='word_1_122' title='bbox 1406 1693 1477 1758; x_wconf 91' lang='lat' dir='ltr'>in</span> <span class='ocrx_word' id='word_1_123' title='bbox 1522 1691 1860 1759; x_wconf 86' lang='lat' dir='ltr'>Vatinium</span> <span class='ocrx_word' id='word_1_124' title='bbox 1914 1692 2228 1757; x_wconf 90' lang='lat' dir='ltr'>missurus</span> <span class='ocrx_word' id='word_1_125' title='bbox 2285 1714 2373 1777; x_wconf 87' lang='lat' dir='ltr'>es,</span> 
     </span>
     <span class='ocr_line' id='line_1_17' title="bbox 332 1779 1748 1867; baseline -0.002 -19"><span class='ocrx_word' id='word_1_126' title='bbox 332 1804 599 1867; x_wconf 94' lang='lat' dir='ltr'>pomum</span> <span class='ocrx_word' id='word_1_127' title='bbox 647 1779 813 1845; x_wconf 83' lang='lat' dir='ltr'>est&#39;.¹</span> <span class='ocrx_word' id='word_1_128' title='bbox 864 1819 940 1828; x_wconf 93' lang='lat'><strong>—</strong></span> <span class='ocrx_word' id='word_1_129' title='bbox 991 1782 1273 1852; x_wconf 84' lang='lat' dir='ltr'>Maorob.</span> <span class='ocrx_word' id='word_1_130' title='bbox 1320 1780 1455 1847; x_wconf 82' lang='lat' dir='ltr'>Sat.</span> <span class='ocrx_word' id='word_1_131' title='bbox 1493 1783 1554 1866; x_wconf 83' lang='lat'>2,</span> <span class='ocrx_word' id='word_1_132' title='bbox 1592 1784 1652 1865; x_wconf 90' lang='grc'>6,</span> <span class='ocrx_word' id='word_1_133' title='bbox 1693 1782 1748 1846; x_wconf 95' lang='grc'>1.</span> 
     </span>
     <span class='ocr_line' id='line_1_18' title="bbox 468 1869 2371 1956; baseline 0 -22"><span class='ocrx_word' id='word_1_134' title='bbox 468 1871 524 1938; x_wconf 86' lang='grc'>2.</span> <span class='ocrx_word' id='word_1_135' title='bbox 581 1869 926 1936; x_wconf 89' lang='lat' dir='ltr'>Mercatori</span> <span class='ocrx_word' id='word_1_136' title='bbox 1008 1869 1262 1956; x_wconf 88' lang='lat' dir='ltr'>deinde,</span> <span class='ocrx_word' id='word_1_137' title='bbox 1346 1870 1883 1955; x_wconf 87' lang='lat' dir='ltr'>quemadmodum</span> <span class='ocrx_word' id='word_1_138' title='bbox 1966 1891 2111 1935; x_wconf 89' lang='lat' dir='ltr'>cum</span> <span class='ocrx_word' id='word_1_139' title='bbox 2195 1871 2371 1935; x_wconf 91' lang='lat' dir='ltr'>socio</span> 
     </span>
     <span class='ocr_line' id='line_1_19' title="bbox 333 1958 2374 2062; baseline -0.001 -37"><span class='ocrx_word' id='word_1_140' title='bbox 333 1961 555 2025; x_wconf 86' lang='lat' dir='ltr'>nauim</span> <span class='ocrx_word' id='word_1_141' title='bbox 639 1960 983 2044; x_wconf 87' lang='lat' dir='ltr'>diuideret,</span> <span class='ocrx_word' id='word_1_142' title='bbox 1071 1960 1499 2044; x_wconf 81' lang='lat' dir='ltr'>interroganti</span> <span class='ocrx_word' id='word_1_143' title='bbox 1579 1960 1984 2062; x_wconf 81' lang='lat' dir='ltr'>respondisse</span> <span class='ocrx_word' id='word_1_144' title='bbox 2066 1958 2374 2025; x_wconf 82' lang='lat' dir='ltr'>traditur:</span> 
     </span>
     <span class='ocr_line' id='line_1_20' title="bbox 335 2047 2374 2146; baseline -0.001 -30.979"><span class='ocrx_word' id='word_1_145' title='bbox 335 2050 597 2115; x_wconf 84' lang='lat' dir='ltr'>Nauim</span> <span class='ocrx_word' id='word_1_146' title='bbox 664 2051 719 2114; x_wconf 90' lang='lat' dir='ltr'>si</span> <span class='ocrx_word' id='word_1_147' title='bbox 794 2009 1057 2133; x_wconf 74' lang='lat' dir='ltr'>diuidis,</span> <span class='ocrx_word' id='word_1_148' title='bbox 1128 2070 1248 2114; x_wconf 89' lang='lat' dir='ltr'>nec</span> <span class='ocrx_word' id='word_1_149' title='bbox 1309 2053 1383 2113; x_wconf 89' lang='lat' dir='ltr'>tu</span> <span class='ocrx_word' id='word_1_150' title='bbox 1446 2070 1565 2146; x_wconf 89' lang='lat' dir='ltr'>nec</span> <span class='ocrx_word' id='word_1_151' title='bbox 1629 2050 1840 2114; x_wconf 91' lang='lat' dir='ltr'>socius</span> <span class='ocrx_word' id='word_1_152' title='bbox 1911 2047 2224 2114; x_wconf 87' lang='lat' dir='ltr'>habebis&#39;.</span> <span class='ocrx_word' id='word_1_153' title='bbox 2280 2087 2374 2095; x_wconf 90' lang='lat'><strong>—</strong></span> 
     </span>
    </p>
   </div>
   <div class='ocr_carea' id='block_1_7' title="bbox 254 2136 1136 2224">
    <p class='ocr_par' dir='ltr' id='par_1_7' title="bbox 254 2136 1136 2224">
     <span class='ocr_line' id='line_1_21' title="bbox 254 2136 1136 2224; baseline -0.007 -17"><span class='ocrx_word' id='word_1_154' title='bbox 254 2167 306 2207; x_wconf 66' lang='grc' dir='ltr'>ιο</span> <span class='ocrx_word' id='word_1_155' title='bbox 335 2139 618 2204; x_wconf 79' lang='lat' dir='ltr'>Maerob.</span> <span class='ocrx_word' id='word_1_156' title='bbox 666 2138 799 2203; x_wconf 76' lang='lat' dir='ltr'>Sat.</span> <span class='ocrx_word' id='word_1_157' title='bbox 843 2139 903 2224; x_wconf 86' lang='grc'>2,</span> <span class='ocrx_word' id='word_1_158' title='bbox 942 2139 1002 2223; x_wconf 89' lang='grc'>6,</span> <span class='ocrx_word' id='word_1_159' title='bbox 1040 2136 1136 2202; x_wconf 51' lang='grc'>2)</span> 
     </span>
    </p>
   </div>
   <div class='ocr_carea' id='block_1_8' title="bbox 950 2331 1756 2509">
    <p class='ocr_par' dir='ltr' id='par_1_8' title="bbox 950 2331 1756 2509">
     <span class='ocr_line' id='line_1_22' title="bbox 950 2331 1756 2399; baseline -0.001 -1"><span class='ocrx_word' id='word_1_160' title='bbox 950 2333 1021 2399; x_wconf 90' lang='lat' dir='ltr'>L.</span> <span class='ocrx_word' id='word_1_161' title='bbox 1068 2331 1361 2399; x_wconf 86' lang='lat' dir='ltr'><strong>IVLIVS</strong></span> <span class='ocrx_word' id='word_1_162' title='bbox 1410 2331 1756 2398; x_wconf 84' lang='lat' dir='ltr'>CAESAR</span> 
     </span>
     <span class='ocr_line' id='line_1_23' title="bbox 1081 2438 1611 2509; baseline -0.004 -16"><span class='ocrx_word' id='word_1_163' title='bbox 1081 2440 1215 2509; x_wconf 90' lang='lat' dir='ltr'>(cos.</span> <span class='ocrx_word' id='word_1_164' title='bbox 1254 2455 1303 2493; x_wconf 88' lang='lat' dir='ltr'>a.</span> <span class='ocrx_word' id='word_1_165' title='bbox 1344 2456 1398 2492; x_wconf 89' lang='lat' dir='ltr'>u.</span> <span class='ocrx_word' id='word_1_166' title='bbox 1430 2438 1611 2508; x_wconf 82' lang='lat'><em>690).³</em></span> 
     </span>
    </p>
   </div>
   <div class='ocr_carea' id='block_1_9' title="bbox 1036 2562 1639 2644">
    <p class='ocr_par' dir='ltr' id='par_1_9' title="bbox 1036 2562 1639 2644">
     <span class='ocr_line' id='line_1_24' title="bbox 1036 2562 1639 2644; baseline -0.002 -26"><span class='ocrx_word' id='word_1_167' title='bbox 1036 2641 1039 2644; x_wconf 15' lang='grc' dir='ltr'>Ι</span> <span class='ocrx_word' id='word_1_168' title='bbox 1056 2564 1112 2618; x_wconf 78' lang='lat' dir='ltr'>A</span> <span class='ocrx_word' id='word_1_169' title='bbox 1124 2562 1492 2620; x_wconf 78' lang='lat' dir='ltr'><strong><em>VSPIGIOR</em></strong></span> <span class='ocrx_word' id='word_1_170' title='bbox 1501 2563 1639 2618; x_wconf 87' lang='lat' dir='ltr'>VM.</span> 
     </span>
    </p>
   </div>
   <div class='ocr_carea' id='block_1_10' title="bbox 252 2659 2371 2850">
    <p class='ocr_par' dir='ltr' id='par_1_10' title="bbox 252 2659 2371 2850">
     <span class='ocr_line' id='line_1_25' title="bbox 466 2659 2371 2757; baseline 0 -20"><span class='ocrx_word' id='word_1_171' title='bbox 466 2674 514 2739; x_wconf 89' lang='lat'>1.</span> <span class='ocrx_word' id='word_1_172' title='bbox 560 2672 767 2738; x_wconf 88' lang='lat' dir='ltr'>Iulius</span> <span class='ocrx_word' id='word_1_173' title='bbox 818 2659 1065 2737; x_wconf 80' lang='lat' dir='ltr'>¹Caesar</span> <span class='ocrx_word' id='word_1_174' title='bbox 1128 2676 1309 2736; x_wconf 84' lang='lat' dir='ltr'>sexto</span> <span class='ocrx_word' id='word_1_175' title='bbox 1377 2672 1624 2738; x_wconf 91' lang='lat' dir='ltr'>decimo</span> <span class='ocrx_word' id='word_1_176' title='bbox 1698 2670 2129 2757; x_wconf 88' lang='lat' dir='ltr'>auspiciorum</span> <span class='ocrx_word' id='word_1_177' title='bbox 2200 2671 2371 2737; x_wconf 89' lang='lat' dir='ltr'>libro</span> 
     </span>
     <span class='ocr_line' id='line_1_26' title="bbox 252 2760 2370 2850; baseline -0.001 -21"><span class='ocrx_word' id='word_1_178' title='bbox 252 2789 304 2831; x_wconf 71' lang='lat'>85</span> <span class='ocrx_word' id='word_1_179' title='bbox 332 2767 528 2849; x_wconf 86' lang='lat' dir='ltr'>negat</span> <span class='ocrx_word' id='word_1_180' title='bbox 572 2762 877 2828; x_wconf 90' lang='lat' dir='ltr'>nundinis</span> <span class='ocrx_word' id='word_1_181' title='bbox 923 2762 1289 2827; x_wconf 90' lang='lat' dir='ltr'>contionem</span> <span class='ocrx_word' id='word_1_182' title='bbox 1346 2762 1648 2850; x_wconf 79' lang='lat' dir='ltr'>aduocari</span> <span class='ocrx_word' id='word_1_183' title='bbox 1694 2782 1911 2844; x_wconf 89' lang='lat' dir='ltr'>posse,</span> <span class='ocrx_word' id='word_1_184' title='bbox 1964 2760 2030 2824; x_wconf 91' lang='lat' dir='ltr'>id</span> <span class='ocrx_word' id='word_1_185' title='bbox 2077 2764 2175 2827; x_wconf 90' lang='lat' dir='ltr'>est</span> <span class='ocrx_word' id='word_1_186' title='bbox 2220 2782 2370 2826; x_wconf 89' lang='lat' dir='ltr'>cum</span> 
     </span>
    </p>
   </div>
   <div class='ocr_carea' id='block_1_11' title="bbox 578 2891 760 2897">
    <p class='ocr_par' dir='ltr' id='par_1_11' title="bbox 578 2891 760 2897">
     <span class='ocr_line' id='line_1_27' title="bbox 578 2891 760 2897; baseline 0 0"><span class='ocrx_word' id='word_1_187' title='bbox 578 2891 760 2897; x_wconf 95' lang='lat' dir='ltr'> </span> 
     </span>
    </p>
   </div>
   <div class='ocr_carea' id='block_1_12' title="bbox 336 2893 519 2898">
    <p class='ocr_par' dir='ltr' id='par_1_12' title="bbox 336 2893 519 2898">
     <span class='ocr_line' id='line_1_28' title="bbox 336 2893 519 2898; baseline 0 0"><span class='ocrx_word' id='word_1_188' title='bbox 336 2893 519 2898; x_wconf 95' lang='lat' dir='ltr'> </span> 
     </span>
    </p>
   </div>
   <div class='ocr_carea' id='block_1_13' title="bbox 328 2954 2386 3599">
    <p class='ocr_par' dir='ltr' id='par_1_13' title="bbox 328 2954 2386 3599">
     <span class='ocr_line' id='line_1_29' title="bbox 479 2954 2368 3026; baseline -0.001 -16"><span class='ocrx_word' id='word_1_189' title='bbox 479 2958 530 3026; x_wconf 93' lang='lat'>1)</span> <span class='ocrx_word' id='word_1_190' title='bbox 566 2957 637 3024; x_wconf 79' lang='lat' dir='ltr'>ef.</span> <span class='ocrx_word' id='word_1_191' title='bbox 697 2955 804 3010; x_wconf 75' lang='lat' dir='ltr'>Cic.</span> <span class='ocrx_word' id='word_1_192' title='bbox 861 2957 924 3009; x_wconf 75' lang='lat' dir='ltr'>in</span> <span class='ocrx_word' id='word_1_193' title='bbox 972 2956 1156 3010; x_wconf 63' lang='lat' dir='ltr'>Vatia.</span> <span class='ocrx_word' id='word_1_194' title='bbox 1198 2960 1282 3021; x_wconf 93' lang='lat'>15,</span> <span class='ocrx_word' id='word_1_195' title='bbox 1303 2959 1389 3008; x_wconf 84' lang='lat'>37.</span> <span class='ocrx_word' id='word_1_196' title='bbox 1448 2985 1514 2994; x_wconf 90' lang='lat'><em>-</em></span> <span class='ocrx_word' id='word_1_197' title='bbox 1571 2955 1646 3008; x_wconf 85' lang='lat' dir='ltr'>D.</span> <span class='ocrx_word' id='word_1_198' title='bbox 1686 2958 1773 3020; x_wconf 91' lang='lat'>50,</span> <span class='ocrx_word' id='word_1_199' title='bbox 1805 2959 1889 3020; x_wconf 73' lang='grc' dir='ltr'>ιο,</span> <span class='ocrx_word' id='word_1_200' title='bbox 1927 2959 2031 3008; x_wconf 84' lang='lat'>205</span> <span class='ocrx_word' id='word_1_201' title='bbox 2079 2954 2218 3023; x_wconf 79' lang='lat' dir='ltr'>(Alf.</span> <span class='ocrx_word' id='word_1_202' title='bbox 2260 2956 2368 3024; x_wconf 80' lang='lat'><em>62).</em></span> 
     </span>
     <span class='ocr_line' id='line_1_30' title="bbox 333 3025 2369 3152; baseline -0.001 -69"><span class='ocrx_word' id='word_1_203' title='bbox 333 3030 483 3083; x_wconf 71' lang='lat' dir='ltr'>Ptin</span> <span class='ocrx_word' id='word_1_204' title='bbox 520 3043 578 3082; x_wconf 76' lang='lat' dir='ltr'>n.</span> <span class='ocrx_word' id='word_1_205' title='bbox 606 3028 658 3081; x_wconf 75' lang='lat' dir='ltr'>h.</span> <span class='ocrx_word' id='word_1_206' title='bbox 699 3034 782 3094; x_wconf 85' lang='lat'>15,</span> <span class='ocrx_word' id='word_1_207' title='bbox 805 3032 872 3080; x_wconf 83' lang='lat'>35</span> <span class='ocrx_word' id='word_1_208' title='bbox 910 3034 960 3084; x_wconf 79' lang='lat' dir='ltr'>et</span> <span class='ocrx_word' id='word_1_209' title='bbox 990 3032 1075 3080; x_wconf 88' lang='grc'>91.</span> <span class='ocrx_word' id='word_1_210' title='bbox 1220 3028 1274 3093; x_wconf 83' lang='grc'>2)</span> <span class='ocrx_word' id='word_1_211' title='bbox 1314 3026 1639 3152; x_wconf 48' lang='lat' dir='ltr'>‘elfflssmtius</span> <span class='ocrx_word' id='word_1_212' title='bbox 1687 3025 1928 3096; x_wconf 63' lang='lat' dir='ltr'>Quintil..</span> <span class='ocrx_word' id='word_1_213' title='bbox 1953 3028 2001 3080; x_wconf 92' lang='lat' dir='ltr'>I.</span> <span class='ocrx_word' id='word_1_214' title='bbox 2036 3025 2096 3081; x_wconf 91' lang='lat'>0.</span> <span class='ocrx_word' id='word_1_215' title='bbox 2129 3031 2179 3092; x_wconf 80' lang='lat'>6,</span> <span class='ocrx_word' id='word_1_216' title='bbox 2199 3030 2251 3092; x_wconf 86' lang='grc'>3,</span> <span class='ocrx_word' id='word_1_217' title='bbox 2271 3030 2369 3081; x_wconf 74' lang='lat'>87:</span> 
     </span>
     <span class='ocr_line' id='line_1_31' title="bbox 333 3093 2369 3166; baseline -0.002 -13"><span class='ocrx_word' id='word_1_218' title='bbox 333 3097 619 3164; x_wconf 83' lang='lat' dir='ltr'>Cascellio,</span> <span class='ocrx_word' id='word_1_219' title='bbox 658 3099 758 3166; x_wconf 90' lang='lat' dir='ltr'>qui</span> <span class='ocrx_word' id='word_1_220' title='bbox 796 3093 1103 3153; x_wconf 85' lang='lat' dir='ltr'>consultori</span> <span class='ocrx_word' id='word_1_221' title='bbox 1142 3097 1378 3151; x_wconf 83' lang='lat' dir='ltr'>dicenti</span> <span class='ocrx_word' id='word_1_222' title='bbox 1473 3113 1635 3150; x_wconf 89' lang='lat' dir='ltr'>auem</span> <span class='ocrx_word' id='word_1_223' title='bbox 1675 3096 1928 3152; x_wconf 87' lang='lat' dir='ltr'>diuidere</span> <span class='ocrx_word' id='word_1_224' title='bbox 1956 3097 2103 3152; x_wconf 92' lang='lat' dir='ltr'>uolo.</span> <span class='ocrx_word' id='word_1_225' title='bbox 2141 3096 2369 3164; x_wconf 87' lang='lat' dir='ltr'>Perdes,</span> 
     </span>
     <span class='ocr_line' id='line_1_32' title="bbox 332 3168 2367 3239; baseline -0 -15"><span class='ocrx_word' id='word_1_226' title='bbox 332 3170 532 3239; x_wconf 84' lang='lat' dir='ltr'>inquit.</span> <span class='ocrx_word' id='word_1_227' title='bbox 606 3177 838 3225; x_wconf 78' lang='lat' dir='ltr'>ceterum</span> <span class='ocrx_word' id='word_1_228' title='bbox 879 3170 1173 3226; x_wconf 78' lang='lat' dir='ltr'>Cascellius</span> <span class='ocrx_word' id='word_1_229' title='bbox 1208 3170 1340 3223; x_wconf 83' lang='lat' dir='ltr'>haec</span> <span class='ocrx_word' id='word_1_230' title='bbox 1382 3168 1564 3234; x_wconf 81' lang='lat' dir='ltr'>faceta</span> <span class='ocrx_word' id='word_1_231' title='bbox 1598 3185 1860 3237; x_wconf 76' lang='lat' dir='ltr'>responsa</span> <span class='ocrx_word' id='word_1_232' title='bbox 1906 3170 2047 3223; x_wconf 79' lang='lat' dir='ltr'>libro</span> <span class='ocrx_word' id='word_1_233' title='bbox 2083 3170 2211 3223; x_wconf 75' lang='lat' dir='ltr'>bene</span> <span class='ocrx_word' id='word_1_234' title='bbox 2251 3169 2367 3223; x_wconf 79' lang='lat' dir='ltr'>dic-</span> 
     </span>
     <span class='ocr_line' id='line_1_33' title="bbox 332 3239 2369 3309; baseline -0.001 -12"><span class='ocrx_word' id='word_1_235' title='bbox 332 3250 510 3297; x_wconf 80' lang='lat' dir='ltr'>torum</span> <span class='ocrx_word' id='word_1_236' title='bbox 551 3243 845 3297; x_wconf 78' lang='lat' dir='ltr'>inseruisse</span> <span class='ocrx_word' id='word_1_237' title='bbox 880 3242 1058 3296; x_wconf 79' lang='lat' dir='ltr'>videri</span> <span class='ocrx_word' id='word_1_238' title='bbox 1086 3247 1279 3309; x_wconf 77' lang='lat' dir='ltr'>potest</span> <span class='ocrx_word' id='word_1_239' title='bbox 1346 3241 1415 3307; x_wconf 81' lang='lat' dir='ltr'>cf.</span> <span class='ocrx_word' id='word_1_240' title='bbox 1454 3240 1529 3293; x_wconf 88' lang='lat' dir='ltr'>D.</span> <span class='ocrx_word' id='word_1_241' title='bbox 1572 3245 1621 3308; x_wconf 90' lang='lat'>1,</span> <span class='ocrx_word' id='word_1_242' title='bbox 1643 3247 1693 3308; x_wconf 97' lang='grc'>2,</span> <span class='ocrx_word' id='word_1_243' title='bbox 1715 3246 1763 3306; x_wconf 88' lang='grc'>2,</span> <span class='ocrx_word' id='word_1_244' title='bbox 1783 3240 1895 3294; x_wconf 85' lang='lat'>45’.</span> <span class='ocrx_word' id='word_1_245' title='bbox 1934 3240 2054 3294; x_wconf 73' lang='lat' dir='ltr'>Ha.</span> <span class='ocrx_word' id='word_1_246' title='bbox 2129 3241 2199 3308; x_wconf 81' lang='lat' dir='ltr'>cf.</span> <span class='ocrx_word' id='word_1_247' title='bbox 2236 3239 2369 3294; x_wconf 78' lang='lat' dir='ltr'>Jo‘rs</span> 
     </span>
     <span class='ocr_line' id='line_1_34' title="bbox 331 3310 2369 3384; baseline -0.001 -17"><span class='ocrx_word' id='word_1_248' title='bbox 331 3316 395 3368; x_wconf 78' lang='lat' dir='ltr'>in</span> <span class='ocrx_word' id='word_1_249' title='bbox 433 3313 644 3384; x_wconf 75' lang='lat' dir='ltr'>Pauly·</span> <span class='ocrx_word' id='word_1_250' title='bbox 655 3313 924 3368; x_wconf 80' lang='lat' dir='ltr'>Wissowa</span> <span class='ocrx_word' id='word_1_251' title='bbox 959 3312 1300 3381; x_wconf 65' lang='lat' dir='ltr'>Realencucl</span> <span class='ocrx_word' id='word_1_252' title='bbox 1340 3310 1434 3376; x_wconf 90' lang='grc' dir='ltr'>ΠΙ,</span> <span class='ocrx_word' id='word_1_253' title='bbox 1466 3315 1605 3365; x_wconf 84' lang='lat'><strong>1634</strong></span> <span class='ocrx_word' id='word_1_254' title='bbox 1622 3329 1698 3380; x_wconf 78' lang='lat' dir='ltr'>sq.</span> <span class='ocrx_word' id='word_1_255' title='bbox 1824 3317 1879 3375; x_wconf 88' lang='lat'>3)</span> <span class='ocrx_word' id='word_1_256' title='bbox 1919 3310 2030 3365; x_wconf 79' lang='lat' dir='ltr'>‘hic</span> <span class='ocrx_word' id='word_1_257' title='bbox 2064 3328 2187 3365; x_wconf 81' lang='lat' dir='ltr'>cum</span> <span class='ocrx_word' id='word_1_258' title='bbox 2226 3312 2369 3365; x_wconf 80' lang='lat' dir='ltr'>idem</span> 
     </span>
     <span class='ocr_line' id='line_1_35' title="bbox 328 3382 2367 3453; baseline -0.002 -14"><span class='ocrx_word' id='word_1_259' title='bbox 328 3386 500 3451; x_wconf 61' lang='lat' dir='ltr'>tuisse</span> <span class='ocrx_word' id='word_1_260' title='bbox 544 3385 825 3451; x_wconf 75' lang='lat' dir='ltr'>videatwr,</span> <span class='ocrx_word' id='word_1_261' title='bbox 880 3386 979 3453; x_wconf 75' lang='lat' dir='ltr'>qm·</span> <span class='ocrx_word' id='word_1_262' title='bbox 1031 3390 1252 3438; x_wconf 80' lang='lat' dir='ltr'>auctore</span> <span class='ocrx_word' id='word_1_263' title='bbox 1301 3383 1552 3437; x_wconf 82' lang='lat' dir='ltr'>Macrob.</span> <span class='ocrx_word' id='word_1_264' title='bbox 1593 3382 1707 3438; x_wconf 79' lang='lat' dir='ltr'>Sat.</span> <span class='ocrx_word' id='word_1_265' title='bbox 1748 3387 1906 3449; x_wconf 89' lang='lat'>3,13,</span> <span class='ocrx_word' id='word_1_266' title='bbox 1929 3388 1991 3435; x_wconf 89' lang='lat'>11</span> <span class='ocrx_word' id='word_1_267' title='bbox 2067 3383 2367 3438; x_wconf 68' lang='lat' dir='ltr'>Lentulum</span> 
     </span>
     <span class='ocr_line' id='line_1_36' title="bbox 329 3454 2386 3525; baseline -0 -15"><span class='ocrx_word' id='word_1_268' title='bbox 329 3458 605 3523; x_wconf 74' lang='lat' dir='ltr'>flaminem</span> <span class='ocrx_word' id='word_1_269' title='bbox 669 3457 995 3511; x_wconf 77' lang='lat' dir='ltr'>Martialem</span> <span class='ocrx_word' id='word_1_270' title='bbox 1057 3455 1423 3525; x_wconf 73' lang='lat' dir='ltr'>inauquravit</span> <span class='ocrx_word' id='word_1_271' title='bbox 1476 3454 1565 3523; x_wconf 82' lang='lat' dir='ltr'>(cf.</span> <span class='ocrx_word' id='word_1_272' title='bbox 1613 3454 1917 3510; x_wconf 75' lang='lat' dir='ltr'>Drumann</span> <span class='ocrx_word' id='word_1_273' title='bbox 1963 3454 2148 3509; x_wconf 76' lang='lat' dir='ltr'>Gesch.</span> <span class='ocrx_word' id='word_1_274' title='bbox 2198 3454 2386 3509; x_wconf 60' lang='lat' dir='ltr'><em>Rome·</em></span> 
     </span>
     <span class='ocr_line' id='line_1_37' title="bbox 329 3525 2371 3599; baseline -0.002 -15"><span class='ocrx_word' id='word_1_275' title='bbox 329 3527 408 3597; x_wconf 91' lang='grc' dir='ltr'>ΙΙ,</span> <span class='ocrx_word' id='word_1_276' title='bbox 423 3532 538 3584; x_wconf 84' lang='lat'>552</span> <span class='ocrx_word' id='word_1_277' title='bbox 568 3525 717 3599; x_wconf 78' lang='lat'>[,11²</span> <span class='ocrx_word' id='word_1_278' title='bbox 718 3527 881 3599; x_wconf 70' lang='lat'>472}</span> <span class='ocrx_word' id='word_1_279' title='bbox 910 3526 1006 3594; x_wconf 86' lang='grc' dir='ltr'>ΠΙ,</span> <span class='ocrx_word' id='word_1_280' title='bbox 1045 3528 1195 3597; x_wconf 83' lang='grc'>123),</span> <span class='ocrx_word' id='word_1_281' title='bbox 1222 3543 1365 3581; x_wconf 73' lang='lat' dir='ltr'>non</span> <span class='ocrx_word' id='word_1_282' title='bbox 1420 3526 1627 3593; x_wconf 70' lang='lat' dir='ltr'>dubim,</span> <span class='ocrx_word' id='word_1_283' title='bbox 1673 3527 1820 3594; x_wconf 67' lang='lat' dir='ltr'>quin</span> <span class='ocrx_word' id='word_1_284' title='bbox 1865 3527 1916 3579; x_wconf 81' lang='lat' dir='ltr'>ei</span> <span class='ocrx_word' id='word_1_285' title='bbox 1958 3526 2020 3580; x_wconf 78' lang='lat' dir='ltr'>hi</span> <span class='ocrx_word' id='word_1_286' title='bbox 2071 3525 2371 3596; x_wconf 74' lang='lat' dir='ltr'>aqurales</span> 
     </span>
    </p>
   </div>
  </div>
 </body>
</html>
