2650 3917
844 141 971 239 GLI
1004 181 1263 237 INSTIT.
1299 181 1380 237 Π
1421 187 1742 236 loo—166⁸.
2168 179 2300 245 389

267 370 495 415 uersus
534 347 948 432 sponsionem
986 345 1339 410 aduersarii
1373 345 1821 431 restipulatur3
1860 345 2087 410 deinde
2125 348 2306 410 actor

270 438 530 522 quidem
578 435 950 521 sponsionis
993 435 1345 501 formulam
1390 434 1524 500 edit
1569 434 1956 518 aduersario,
2001 435 2114 499 ille
2148 432 2304 498 huic

264 527 546 592 inuicem
592 523 1127 609 restipulationis.
1218 524 1332 589 sed.
1368 527 1549 590 actor
1596 523 1964 609 sponsionis
1998 523 2307 590 formulae

268 617 492 682 subicit
554 620 620 680 et
680 615 858 679 aliud
921 614 1229 679 iudicium
1297 614 1375 678 de
1436 636 1507 679 re
1569 613 1968 678 restituenda
2029 612 2137 678 uel
2200 635 2304 677 ex-

264 704 562 789 hibenda,
608 707 683 769 ut
722 704 777 770 si
825 704 1174 789 sponsione
1219 703 1471 786 uicerit,
1506 704 1635 767 nisi
1671 704 1729 767 ei
1773 724 1874 768 res
1923 702 2305 767 exhibeatur

268 798 382 860 aut
434 795 820 859 restituatur
830 792 869 879 ¹,
912 794 921 878 Ι
961 831 1922 851 -“.-----------
2338 774 2446 895 {43

271 882 2454 973 Ι-----------------24ε’

266 1063 393 1128 166.
438 1060 499 1151 μ
2338 985 2380 1037 t'
2412 1001 2438 1037 Β

858 1060 883 1098 ⁸
918 1063 1169 1127 fructus
1215 1062 1544 1146 licitando‚
1591 1061 1646 1125 is
1693 1061 2011 1146 tantisper
2045 1060 2116 1123 in
2155 1081 2303 1144 pos·
2341 1060 2448 1108 244

269 1154 552 1217 sessione
590 1152 1026 1236 constituitur,
1064 1151 1119 1215 si
1155 1150 1350 1217 modo
1388 1150 1755 1216 aduersario
1795 1170 1911 1214 suo
1948 1149 2306 1215 fructuaria

269 1241 679 1326 stipulatione
722 1241 983 1325 canerit,
1030 1240 1211 1306 cuius
1257 1242 1363 1306 uis
1410 1245 1475 1305 et
1519 1243 1807 1324 potestas
1853 1238 2011 1304 haec
2057 1241 2174 1323 est,
2230 1242 2309 1303 ut

268 1330 325 1395 si
363 1335 590 1397 contra
626 1354 772 1396 eum
820 1333 897 1396 de
928 1332 1326 1414 possessione
1369 1331 1854 1415 pronuntiatam
1896 1329 2120 1412 fuerit,
2167 1349 2309 1394 eam

268 1443 587 1486 summam
634 1421 1001 1486 aduersario
1060 1421 1288 1485 soluat.
1379 1419 1540 1485 haec
1594 1423 1810 1484 autem
1863 1418 2102 1484 licendi
2156 1439 2309 1483 con-

265 1510 472 1574 tentio
500 1510 752 1574 fructus
788 1510 1064 1574 licitatio
1100 1513 1389 1593 uocatur,
1427 1510 1671 1574 scilicet
1698 1509 1850 1593 quia

1161 1623 1250 1663 vv.
1284 1603 1370 1683 12}
1404 1636 2261 1644 ———-————-—-————
2293 1596 2306 1682 1

268 1692 494 1771 postea
531 1689 695 1752 alter
722 1686 996 1751 alterum
1035 1688 1383 1771 sponsione
1419 1692 1749 1772 prouocat,
1786 1687 1963 1772 quod
1998 1688 2309 1752 aduersus

269 1777 552 1842 edictum
624 1776 943 1861 praetoris
1015 1776 1374 1861 possidenti
1448 1777 1575 1843 sibi
1646 1778 1747 1842 uis
1810 1778 1983 1841 facta
2043 1774 2181 1860 sit4,
2241 1781 2310 1843 et

269 1866 548 1933 inuicem
629 1866 821 1932 ambo
905 1865 1371 1951 restipulantur
1461 1867 1771 1931 aduersus
1863 1866 2305 1950 sponsionem:

1472 1953 1496 1992 ⁵
1541 1978 1670 2020 una
1722 1956 1892 2020 inter
1951 1976 2060 2021 eos
2117 1975 2309 2041 spon-

270 2048 367 2112 sio
413 2047 687 2130 itemque
729 2046 1138 2130 restipulatio
1190 2067 1325 2111 una
1368 2083 1851 2091 —————
1897 2043 1979 2107 ad
2023 2065 2165 2108 eam
2210 2045 2306 2108 fit.

274 2136 280 2223 ξ
314 2174 1172 2183 —————————-————
1199 2159 1289 2199 vv.
1309 2139 1402 2219 ,ἦ
1777 2134 1930 2200 166².
2282 2131 2307 2170 ⁶

272 2226 481 2311 iudex,
518 2226 690 2311 apud
720 2248 913 2309 quem
942 2226 1020 2289 de
1049 2248 1125 2289 ea
1150 2247 1220 2290 re
1258 2224 1493 2310 agitur,
1530 2222 1695 2287 illud
1730 2223 1976 2289 scilicet
2010 2222 2308 2307 requirit,

416 2460 468 2527 1)
505 2458 760 2527 Krneyer
793 2456 1121 2511 sententiam
1157 2455 1463 2525 Hollweyio
1499 2454 1634 2508 duce
1684 2455 1765 2508 sic
1807 2453 2054 2522 perficit.-
2108 2451 2308 2520 quanti
2342 2454 2351 2466 “

270 2547 339 2584 ea
372 2544 464 2583 res
501 2529 626 2596 erit,
665 2526 1021 2581 aduersarius
1056 2526 1109 2579 ei
1147 2526 1563 2581 condemnetur.
1710 2527 1764 2595 2)
1798 2542 1853 2593 p.
1885 2528 1990 2576 244
2024 2541 2194 2592 usqne
2231 2524 2308 2579 ad
2424 2581 2430 2588 ,

270 2619 318 2655 v.
352 2605 418 2654 13
456 2607 553 2667 ter,
589 2618 627 2655 a
663 2618 710 2654 v.
754 2605 820 2653 14
859 2598 937 2653 ad
975 2603 1042 2651 24
1081 2599 1163 2653 bis
1208 2602 1287 2652 est
1334 2599 1557 2666 scripta.
1704 2599 1758 2666 3)
1795 2597 2024 2650 initiam
2059 2597 2310 2722 paginae

268 2689 393 2728 enm
429 2673 714 2744 Krueqero
749 2673 832 2726 sic
866 2672 1113 2740 expleas:
1166 2672 1225 2723 et
1262 2669 1362 2737 qui
1409 2668 1776 2737 superauerit.
1850 2668 2079 2722 transiit
2180 2668 2308 2721 ains

267 2744 344 2798 in‘
360 2746 585 2815 payina
620 2742 981 2808 antecedente,
1018 2743 1180 2796 cuins
1208 2747 1431 2809 praeter
1465 2740 1709 2807 frustula
1744 2740 1980 2794 minima
2022 2738 2169 2793 nihil
2203 2739 2311 2809 leyi

261 2822 456 2884 potest,
494 2816 570 2870 ad
606 2815 901 2869 interdicta
938 2813 1188 2881 duplicia
1224 2812 1561 2880 exponenda.
1698 2814 1753 2881 4)
1794 2812 1881 2865 est
1916 2810 1982 2865 V.
2094 2812 2148 2880 5)
2186 2811 2303 2865 Ha.

268 2888 472 2956 suppl„-
505 2886 600 2939 uel
638 2883 1105 2955 stipulationibus
1135 2883 1344 2937 iunctis
1384 2882 1618 2937 duabus.
1676 2884 1783 2938 alii
1817 2882 1993 2937 aliter.
2105 2884 2157 2952 6)
2195 2883 2308 2937 ini-

271 2960 411 3013 tiam
457 2958 810 3028 parayraphi
849 2961 980 3010 166·
1015 2957 1133 3011 Ha.
1194 2957 1275 3010 sic
1327 2956 1608 3011 restituere
1660 2961 1890 3010 conatus
1942 2958 2047 3009 est.-
2101 2952 2305 3007 deinde

271 3028 344 3083 ab
380 3031 623 3098 utroque
660 3028 830 3084 editis
866 3026 1124 3082 formulis
1176 3025 1429 3081 omnium
1484 3026 1848 3095 sponsionum
1894 3027 1953 3079 et
2006 3023 2307 3094 restipula-

268 3100 507 3169 tionum,
543 3116 686 3169 quas
723 3100 844 3154 fieri
881 3098 1116 3169 placuit.
1182 3099 1253 3166 cf.
1294 3105 1324 3165 ς
1366 3103 1485 3152 165.

415 3300 445 3362 g
488 3300 606 3350 166.
671 3295 984 3351 fructuaria
1040 3294 1434 3365 stipulatione]
1490 3295 1558 3362 cf.
1606 3294 1681 3349 D.
1723 3298 1808 3360 45,
1851 3298 1899 3361 1,
1937 3299 1988 3360 4,
2027 3299 2059 3346 2
2116 3292 2306 3362 (Paul.

273 3369 448 3436 1841).
525 3369 765 3440 canerit]
811 3367 882 3436 cf.
920 3368 1081 3435 infra
1115 3372 1168 3435 4,
1199 3371 1319 3421 167.
1395 3364 1693 3436 sponsione
1747 3365 1869 3436 etc]
1922 3366 1992 3433 ef.
2044 3364 2151 3419 Cic.
2198 3379 2308 3432 pro

273 3440 445 3649 ῗῖἶέξ
470 3443 670 3565 11116ΐέ
696 3510 1045 3566 Cascelliano
1084 3550 1096 3562 .
1130 3551 1142 3563 .
1180 3508 1418 3580 iudicio]
1466 3510 1534 3577 ef.
1573 3510 1650 3564 D.
1689 3513 1774 3577 43,
1815 3513 1900 3579 17,
1939 3512 1989 3576 3,
2029 3513 2091 3561 11
2150 3508 2306 3577 (Ulp-
2422 3483 2427 3488 .
