2650 3917
836 168 961 223 GM
994 168 1246 223 JNSTIT.
1285 170 1339 224 Π
1374 174 1697 227 289-288·.
2152 176 2286 242 263

257 337 733 404 damnationem
778 335 1076 401 relietum
1120 332 1306 399 heres
1351 333 1682 420 infitietur,
1718 335 1786 399 in
1833 337 2100 423 duplum
2141 362 2286 405 eum

256 426 371 493 eo1
409 429 652 513 agitur3
696 423 1180 491 fideicommissi
1224 445 1381 488 uero
1425 425 1688 489 nomine
1736 447 1987 511 semper
2022 427 2091 492 in
2138 430 2288 494 sim-

252 516 439 601 plum
484 516 847 603 persecutio
886 518 1000 581 est.
1091 511 1225 578 283.
1271 511 1439 578 Item
1474 512 1673 596 quod⁸
1702 515 1973 600 quisque
2003 539 2083 582 ex
2109 518 2287 584 fidei-

255 605 601 672 commisso
645 607 796 692 plus
861 604 1078 669 debito
1136 623 1254 687 per
1316 624 1597 669 errorem
1652 604 1947 690 soluerit,
2001 612 2288 692 repetere

252 699 500 782 potest3
547 694 652 761 at⁸
696 696 792 780 id,
849 694 1024 779 quod
1068 715 1148 758 ex
1193 713 1388 757 eausa
1432 692 1597 757 falsa
1641 715 1758 779 per
1814 695 2289 763 damnationem

255 785 457 871 legati
502 784 650 869 plus
697 784 916 849 debito
955 782 1239 849 solutum
1268 781 1373 865 sit,
1407 782 1615 866 repeti
1641 805 1774 848 non
1808 788 2042 869 potest.
2117 786 2287 852 idem

256 874 503 940 seilicet
548 874 707 939 iuris
755 878 854 938 est
890 872 968 937 de
1010 894 1085 937 eo
1131 871 1348 957 legato
1358 869 1403 956 4,
1450 871 1625 955 quod
1668 894 1802 938 non
1848 874 2138 940 debitum
2181 876 2289 942 uel

256 987 336 1028 ex
380 962 506 1030 hae
549 963 657 1028 uel
703 985 780 1028 ex
824 961 941 1027 illa
994 983 1186 1029 eausa
1229 983 1349 1047 per
1402 983 1683 1027 errorem
1737 962 2022 1029 solutum
2076 965 2288 1032 fuerit.

391 1051 527 1118 284.
573 1052 779 1117 Erant
825 1053 1020 1116 etiam
1068 1050 1231 1115 aliae
1277 1050 1691 1136 differentiae,
1739 1074 1901 1137 quae
1945 1075 2119 1119 nune
2158 1078 2288 1121 non

257 1146 426 1207 sunt.
518 1141 651 1207 285.
697 1140 793 1207 Ut
839 1162 983 1206 ecee
1025 1140 1351 1226 peregrini
1405 1144 1705 1224 poterant
1758 1142 2289 1211 fideicommissa⁶

255 1252 484 1317 capere
495 1229 537 1317 ⁶,
592 1235 658 1296 et
710 1232 845 1296 fere
860 1229 878 1265 ²
925 1228 1120 1295 haeo⁸
1172 1229 1301 1294 fuit
1355 1229 1539 1315 origo
1595 1230 2292 1299 fideicommissorum.⁹

257 1321 371 1386 sed
432 1325 659 1405 postea
704 1320 771 1385 id
833 1319 1239 1404 prohibitum
1304 1322 1428 1402 est,
1493 1322 1558 1384 et
1620 1341 1793 1385 nune
1856 1343 1934 1385 ex
2000 1324 2289 1389 oratione

257 1408 461 1475 diui1⁰
504 1409 822 1474 Hadriani
867 1414 1129 1475 senatus
1176 1408 1543 1473 consultum
1554 1408 1605 1446 ²²
1651 1410 1891 1475 factum
1940 1415 2058 1495 est,
2103 1417 2178 1477 ut
2215 1436 2289 1479 ea

256 1500 752 1565 fideicommissa
787 1500 941 1565 fiseo
977 1497 1477 1563 uindicarentur.
1569 1497 1702 1564 286.
1752 1499 2042 1566 Caelibes
2084 1498 2093 1589 Ι
2135 1525 2291 1587 quo·
2330 1519 2430 1567 126

258 1610 401 1674 que,
449 1589 562 1672 qui
607 1610 722 1672 per
767 1587 977 1674 legem
1022 1586 1256 1653 Iuliam
1270 1584 1319 1624 ¹²
1364 1585 1757 1653 hereditates
1807 1589 2148 1677 legataque
2193 1614 2291 1658 oa-

257 1700 408 1763 pere
452 1677 906 1763 prohibentur,
953 1678 1107 1742 olim
1155 1676 1651 1742 fideicommissa
1700 1678 2087 1746 uidebantur
2096 1680 2150 1720 ¹⁸
2195 1703 2292 1747 ea-

254 1789 408 1853 pere
461 1789 669 1853 posse.
761 1766 922 1832 286⁸.
969 1764 1135 1832 Item
1192 1765 1363 1850 orbi,
1421 1766 1535 1848 qui
1589 1789 1705 1851 per
1756 1767 1967 1854 legem
2022 1769 2290 1856 Papiam

257 1857 342 1924 ob
379 1857 466 1943 id,
505 1857 678 1941 quod
713 1856 955 1922 liberos
990 1878 1124 1922 non
1157 1853 1481 1938 habent14,
1528 1856 1825 1922 dimidias
1862 1863 2077 1941 partes
2114 1860 2292 1926 here-

258 1942 600 2013 ditatum¹⁶
643 1945 1135 2033 legatorumque
1181 1945 1481 2029 perdunt,
1528 1945 1684 2010 olim
1723 1946 1928 2012 solida
1972 1948 2294 2014 fideicom-

255 2036 457 2102 missa
530 2035 918 2101 uidebantur
979 2056 1204 2120 capere
1266 2055 1476 2118 posse.
1570 2036 1681 2100 sed
1742 2041 1969 2120 postea
2034 2043 2292 2103 senatus

386 2249 457 2318 -1)
495 2263 600 2318 ego
638 2246 706 2302 V.
879 2251 933 2316 2)
970 2249 1100 2303 add.
1143 2246 1429 2302 Goeschen.
1595 2247 1647 2314 3)
1686 2246 1760 2300 ad
1796 2246 1863 2302 V.
2028 2251 2082 2319 4)
2120 2249 2190 2304 de
2228 2266 2293 2304 eo

256 2320 452 2390 legato
487 2319 556 2373 V.
619 2319 810 2390 legato
848 2319 950 2373 del.
989 2320 1254 2390 Saviqnssh
1281 2317 1659 2387 probabiliter.
1727 2318 1795 2372 de
1834 2319 2014 2374 solido
2051 2320 2171 2376 Hu.

258 2394 314 2463 5)
350 2391 880 2446 fidemoommissam
915 2390 984 2446 V.
1131 2392 1189 2460 6)
1221 2389 1408 2444 faeere
1446 2387 1512 2442 V.
1640 2392 1692 2460 7)
1729 2389 1875 2447 ferre
1910 2390 1976 2446 V.
2097 2394 2151 2461 8)
2187 2392 2294 2446 hae

256 2464 342 2519 vel
376 2462 483 2517 hae
520 2462 587 2517 V.
682 2465 735 2532 9)
771 2457 1288 2518 fidecommissa“V.
1410 2462 1497 2530 10)
1536 2460 1657 2514 diui
1695 2464 1827 2516 sunt
1862 2461 1928 2517 V.
2041 2467 2129 2534 11)
2168 2481 2295 2518 eon·

259 2534 444 2588 sultus
479 2534 549 2589 V.
767 2536 856 2603 12)
892 2533 1141 2589 Iulianas
1178 2532 1245 2587 V.
1301 2532 1505 2586 Iuliam
1542 2531 1756 2587 alienas
1794 2535 2086 2589 Polemar.

261 2609 352 2676 13)
389 2605 695 2660 uidebatur
728 2605 794 2660 V.
944 2607 1031 2675 14)
1068 2603 1358 2659 habebant
1393 2602 1459 2658 V.
1609 2607 1696 2674 15)
1733 2604 2138 2661 hereditarium
2173 2607 2240 2661 V.

405 2789 436 2850 ς
475 2788 597 2839 283.
652 2785 721 2852 cf.
770 2783 896 2853 Uzp.
954 2787 1041 2850 24,
1069 2788 1155 2837 33.
1220 2784 1388 2838 Paul.
1438 2787 1489 2851 3,
1517 2788 1568 2851 8,
1598 2789 1680 2837 92.
1738 2785 1788 2838 Ι.
1828 2790 1877 2853 3,
1908 2791 1993 2853 27,
2025 2789 2072 2838 7.
2130 2791 2180 2853 2,
2210 2791 2296 2854 20,

262 2862 348 2910 25.
405 2856 482 2910 D.
522 2859 573 2923 4,
601 2860 653 2924 3,
682 2860 749 2908 23
788 2855 942 2924 (Gai.
973 2857 1113 2924 100).
1172 2860 1257 2922 12,
1287 2859 1339 2922 6,
1368 2859 1434 2908 62
1474 2855 1777 2924 (Maeciam.
1817 2859 1922 2926 20).
1983 2862 2067 2924 12,
2096 2863 2145 2924 6,
2175 2864 2233 2923 2,
2264 2863 2295 2911 5

261 2928 416 2997 (Um
456 2931 612 2981 2544.
652 2930 829 2997 2545).
901 2930 986 2994 85,
1016 2930 1066 2994 3,
1095 2931 1143 2992 3,
1176 2931 1243 2981 10
1300 2926 1452 2996 (Ulp.
1493 2928 1669 2996 1718).
1747 2931 1911 2995 19,1,
1940 2931 2049 2996 5,1
2108 2930 2295 2997 (Paul.

264 3001 443 3068 1888).
506 3005 593 3066 22,
622 3003 673 3065 6,
703 3003 842 3065 9,5,
874 3003 905 3051 8
961 2999 1149 3068 (Paul.
1188 2999 1333 3066 908).
1400 2997 1458 3053 G.
1499 3002 1549 3065 8,
1579 3002 1665 3066 50,
1696 3004 1726 3051 9
1783 3000 1856 3069 (a.
1896 3002 2037 3068 238).
2104 3005 2154 3068 4,
2185 3005 2297 3067 5,4

262 3074 338 3141 (a.
380 3071 522 3140 293).
579 3076 630 3138 6,
659 3074 746 3138 50,
777 3075 843 3123 19
882 3071 954 3138 (a.
996 3072 1133 3139 532).

408 3146 601 3207 5284.
656 3142 727 3209 cf.
765 3158 941 3211 supra
978 3146 1028 3208 2,
1058 3146 1179 3195 268.

409 3217 440 3278 ς
479 3217 600 3267 285.
656 3214 725 3281 cf.
772 3212 1001 3282 Ήιεοριι.
1041 3218 1092 3278 2,
1122 3217 1209 3281 23,
1238 3220 1266 3266 1
1308 3213 1390 3281 (p.
1430 3213 1751 3282 29811722).
1819 3213 1928 3269 σεο.
1965 3216 2029 3268 in
2069 3214 2216 3270 Vm.
2248 3220 2298 3282 2,

266 3291 318 3353 1,
347 3289 436 3352 47,
466 3289 587 3339 128.
643 3285 795 3339 Ptin.
834 3285 910 3339 aaz
955 3285 1104 3339 Trai.
1144 3289 1227 3339 75,
1272 3288 1338 3338 78
1377 3286 1483 3353 (79.
1523 3287 1630 3354 80).
1695 3286 1868 3341 Paua.
1908 3290 1958 3355 8,
1987 3291 2075 3353 43,
2105 3292 2154 3340 5.

410 3360 441 3421 ς
480 3361 600 3410 288.
666 3356 736 3423 cf.
791 3372 967 3424 supra
1021 3360 1231 3423 2,111,
1273 3360 1403 3422 144,
1444 3360 1572 3422 150,
1612 3361 1742 3424 208,
1782 3362 1901 3412 207.
1970 3359 2092 3428 τηρ.
2135 3364 2219 3425 17,
2250 3365 2298 3412 1.

265 3433 355 3495 22,
385 3432 434 3483 3.
493 3427 551 3482 0.
596 3427 695 3482 Th.
735 3431 785 3494 8,
817 3432 902 3495 18,
932 3432 960 3481 1
994 3453 1060 3473 =
1092 3427 1149 3483 0.
1181 3428 1230 3481 1.
1260 3431 1311 3494 8,
1341 3432 1408 3480 57
1430 3429 1559 3497 (58),
1589 3433 1636 3482 1.
1694 3427 1898 3485 Sozam.
1937 3431 1987 3485 h.
2017 3432 2137 3486 eccl.
2189 3435 2236 3498 1,
2266 3434 2298 3483 9

265 3501 351 3569 (p.
381 3502 483 3553 881
503 3514 580 3567 sq.
617 3498 698 3553 ed.
738 3500 966 3623 Magne).

412 3574 443 3635 β
482 3575 628 3624 286·.
686 3568 782 3625 SC.
867 3571 1046 3642 ogas]
1082 3571 1152 3638 cf.
1189 3586 1366 3639 supra
1402 3576 1453 3639 2,
1482 3575 1603 3625 254.
