2650 3917
391 183 912 241 FRAGMENTVM
951 182 1151 249 QVOD
1182 183 1490 239 DICITVR
1523 181 2073 239 DOSITHEANVM.
2148 183 2280 247 425

243 348 533 413 Latinus.
579 391 584 398 -
624 369 884 412 necesse
921 352 1020 412 est
1056 369 1209 434 ergo
1258 369 1517 413 seruum
1552 368 1687 411 non
1732 350 1988 411 tantum
2027 368 2105 411 ex
2141 346 2281 411 iure

247 437 615 521 Quiritium,
662 437 774 502 sed
819 438 1015 502 etiam
1059 439 1130 500 in
1176 437 1368 502 bonis
1414 458 1552 502 esse
1598 434 2148 503 manumittentis.¹

380 527 468 592 10.
509 525 883 592 Communis
921 548 1146 591 seruus
1183 527 1262 591 ab
1293 547 1419 592 uno
1455 546 1531 592 ex
1565 523 1787 592 sociis²
1811 522 2282 591 manumissus⁸

250 637 454 700 neque
502 615 581 681 ad
624 616 996 680 libertatem
1042 616 1344 699 peruenit
1388 619 1455 680 et
1499 614 1767 679 alterius
1814 615 2059 679 domini
2104 618 2280 680 totus

246 706 323 770 fit
369 727 594 770 seruus
648 706 790 769 iure
845 704 1305 770 adcrescendi.⁴=
1397 705 1509 769 sed
1554 706 1724 769 inter
1768 705 2010 770 amicos
2058 725 2280 769 seruus
2338 731 2362 770 5

246 795 329 859 ab
385 816 516 859 uno
574 815 655 859 ex
710 794 900 860 sociis
945 794 1380 860 manumissus
1437 794 1776 878 utriusque
1829 789 2110 858 domini⁵
2157 814 2282 858 ser-

244 906 369 948 uus
433 883 746 968 manebit3
828 884 929 947 ius
994 884 1166 947 enim
1230 881 1675 948 adcrescendi⁶
1743 884 1813 947 in
1875 881 1997 947 hac
2061 904 2282 946 manu-

244 969 589 1038 missione⁷
658 994 793 1037 non
862 971 1213 1055 uersatwr⁸3
1291 970 1626 1057 quamuis⁹
1690 972 2004 1037 Proculus
2070 970 2282 1037 existi-

244 1061 523 1127 mauerit
532 1060 585 1099 ¹⁰
630 1061 993 1127 adcrescere
1038 1084 1183 1127 eum
1199 1060 1249 1099 11
1295 1063 1501 1127 socio:
1559 1083 1687 1145 qua
1733 1062 2049 1127 sententia
2093 1058 2285 1126 non1²

244 1152 507 1215 utimur.
2311 1176 2363 1215 ιο

380 1241 459 1306 11.
505 1240 980 1325 Proprietarius
1053 1262 1200 1306 eum
1256 1262 1542 1321 seruum,
1601 1242 1782 1306 cuius
1794 1237 1846 1277 ¹⁸
1907 1261 2064 1305 usus
2118 1239 2283 1305 fruc-

244 1333 355 1394 tus
368 1328 421 1367 ¹4
466 1330 547 1394 ad
594 1330 793 1395 alium
839 1327 1202 1416 pertinet15,
1244 1352 1380 1396 non
1426 1334 1644 1414 potest
1679 1329 1967 1395 uindicta
1978 1326 2030 1366 1⁶
2063 1351 2285 1394 manu·

243 1417 504 1484 mittere
550 1417 913 1485 obstante¹⁷
939 1441 1063 1484 usu
1096 1420 1318 1484 fructu
1329 1418 1407 1505 ²⁸3
1454 1424 1520 1484 et
1556 1418 1612 1484 si
1656 1418 2103 1484 manumiserit
2137 1441 2282 1484 eum

245 1508 538 1572 uindicta
548 1505 617 1590 ¹⁹,
679 1508 878 1574 faciet
941 1530 1200 1573 seruum
1213 1507 1265 1547 ²⁰
1340 1509 1477 1573 sine
1550 1508 1829 1574 domino.
1938 1508 2049 1573 sed
2112 1507 2286 1574 Lati-

246 1618 405 1660 num
436 1647 449 1659 .
480 1645 494 1660 .
526 1647 538 1659 .
570 1594 637 1660 ,2²
1092 1639 1096 1644 -
2314 1624 2365 1664 ιε

381 1684 471 1750 12.
519 1685 905 1772 Peregrinus
951 1688 1415 1752 manumittens
1461 1708 1721 1752 seruum
1763 1708 1899 1751 non
1943 1690 2162 1770 potest
2205 1687 2287 1750 ad

248 1774 508 1839 Latium
564 1776 914 1858 perducere
927 1773 996 1858 ²²,
1052 1776 1204 1859 quia
1215 1774 1267 1814 ²⁸
1318 1776 1427 1839 lex
1489 1773 1757 1860 lanian,
1821 1798 1986 1859 quae
1999 1772 2052 1812 ²⁵
2113 1774 2287 1840 Lati-

247 1886 480 1929 norum
529 1885 731 1949 genus
778 1864 1143 1929 introduxit
1154 1862 1221 1949 ²⁶,
1276 1888 1410 1930 non
1452 1864 1739 1949 pertinet
1782 1865 1864 1929 ad
1909 1865 2285 1951 peregrinos

394 2077 447 2146 1)
487 2076 616 2131 add.
655 2077 988 2131 Lachmann
998 2097 1020 2143 ;
1056 2092 1158 2131 om.
1197 2077 1267 2131 L.
1478 2078 1531 2146 2)
1570 2075 1642 2129 ab
1679 2090 1793 2129 uno
1829 2076 1958 2130 add.
1998 2076 2117 2130 cdd.
2174 2075 2286 2129 ὑπὸ

253 2146 381 2209 ἑνός
417 2151 463 2201 λ.
508 2148 592 2201 -ab
629 2164 742 2202 uno
781 2165 849 2201 ex
896 2147 1063 2203 sociis
1107 2146 1370 2201 uindicta
1404 2147 1500 2201 uel
1535 2148 1877 2202 testamento
1915 2148 2045 2201 add.
2076 2148 2196 2202 Ha.

251 2222 306 2289 3)
343 2218 722 2273 manumissus
759 2219 826 2273 fit
861 2218 1008 2273 liber
1044 2220 1114 2274 L.
1171 2218 1237 2273 fit
1271 2218 1420 2274 liber
1455 2220 1558 2275 dcl.
1597 2223 1858 2290 Krucyer.
2095 2221 2149 2289 4)
2189 2218 2288 2271 ad-

250 2290 536 2345 crescendi
587 2292 811 2347 Roever.
868 2293 1156 2345 crescente
1193 2292 1262 2346 L.
1420 2293 1473 2360 5)
1509 2289 1806 2359 utriusque
1843 2289 2061 2345 domini
2106 2291 2286 2346 Lach-

247 2378 438 2416 mann.
492 2361 721 2429 utrique
759 2361 1133 2416 dominabunt
1169 2363 1239 2417 L.
1361 2364 1414 2431 6)
1452 2361 1542 2416 ius
1581 2361 1731 2416 enim
1768 2361 2130 2416 adcrescendi
2167 2362 2287 2416 Ην.

248 2433 463 2487 iustum
499 2433 649 2487 enim
687 2449 800 2487 non
846 2434 1166 2488 adcrescere
1204 2436 1274 2489 L.
1460 2436 1512 2503 7)
1549 2433 2050 2487 manumissionem
2086 2435 2156 2488 L.

249 2507 304 2573 8)
350 2520 464 2558 non
508 2511 769 2559 uersatur
813 2505 934 2559 Ha.
1008 2505 1069 2558 in
1115 2522 1230 2574 qua
1264 2504 1511 2559 uertitur
1555 2505 1624 2558 L.
1700 2507 1770 2572 cf.
1822 2507 1943 2575 Ulp.
1984 2506 2117 2577 Diy.
2158 2510 2206 2572 7,
2236 2510 2286 2570 2,

250 2582 301 2643 6,
332 2580 379 2628 1.
527 2578 580 2645 9)
618 2576 880 2644 quamuis
908 2578 1255 2632 Lachmann.
1312 2576 1413 2630 sed
1449 2593 1621 2644 quam
1660 2578 1728 2632 L.
1877 2580 1964 2646 10)
2003 2575 2290 2630 existima-

247 2646 400 2701 uerit
435 2648 781 2703 Lachmann.
838 2647 1227 2703 aestimauerit
1262 2648 1592 2717 probauerit
1627 2650 1697 2703 L.
1758 2647 2062 2717 δοκιμάσαι
2099 2651 2144 2702 2,.

249 2722 345 2789 11)
389 2735 517 2772 cum
564 2720 654 2774 L..
855 2722 941 2789 12)
980 2721 1110 2775 add.
1150 2720 1267 2774 Ha.
1307 2722 1398 2790 (ου
1444 2739 1510 2788 τη
1558 2739 1749 2789 γνωμῃ
1796 2723 2066 2792 χρωμεθα
2103 2722 2169 2789 2).
2216 2721 2286 2786 cf.

249 2790 443 2859 Pomp.
471 2790 558 2845 Di
594 2832 606 2844 .
636 2797 725 2858 47,
744 2796 796 2859 2,
819 2795 881 2842 77
905 2793 1034 2861 (76),
1056 2798 1105 2846 1.
1216 2793 1305 2861 18)
1341 2790 1472 2845 uius
1503 2793 1571 2847 L.
1685 2794 1772 2861 14)
1810 2809 1946 2847 usus
1985 2793 2044 2846 et
2070 2789 2287 2845 fructus

248 2862 307 2915 L.
364 2867 498 2932 post
548 2808 764 2916 g-uctus
819 2864 1018 2918 iterum
1071 2864 1274 2932 incipit
1316 2863 1373 2918 S.
1630 2866 1716 2933 15)
1766 2863 2052 2933 pertinere
2089 2862 2143 2917 S.

252 2936 342 3003 16)
386 2950 457 2987 ex
499 2933 786 2987 uindictae
825 2935 894 2990 L.
1097 2936 1185 3003 17)
1224 2934 1506 2989 obstantis
1544 2936 1613 2989 L.
1835 2937 1921 3002 18)
1956 2951 2065 2988 usu
2099 2934 2288 2989 fructu

250 3004 305 3061 S.
361 3022 498 3059 usus
536 3006 594 3059 et
627 3005 817 3060 fructu
856 3006 925 3060 L.
1067 3007 1155 3075 19)
1193 3021 1262 3060 ex
1295 3006 1556 3060 uindicta
1593 3007 1661 3061 L.
1809 3007 1899 3076 20)
1935 3007 2065 3062 inde
2100 3025 2138 3060 a
2176 3023 2288 3060 ser-

248 3093 386 3130 uum
430 3093 600 3147 usqne
648 3078 723 3132 ad
767 3077 1175 3133 manumittens
1212 3082 1243 3143 5
1275 3084 1342 3132 12
1399 3094 1501 3132 om.
1542 3080 1610 3133 L.
1758 3080 1849 3147 21)
1886 3079 1986 3131 sed
2021 3077 2289 3132 Latinum

249 3147 305 3203 S.
363 3148 463 3201 sed
505 3147 665 3202 finito
719 3165 828 3201 usu
863 3147 1053 3202 fructu
1091 3165 1160 3203 ex
1194 3148 1323 3220 lege
1376 3149 1543 3204 Iunia
1590 3148 1828 3203 Latinus
1883 3149 1949 3203 fit
1992 3151 2290 3220 proposuit

249 3219 519 3289 Krueqcr.
576 3220 678 3274 sed
713 3217 979 3274 Latinum
1016 3220 1167 3274 inter
1210 3220 1422 3275 amicos
1468 3221 1920 3275 manumittendo
1965 3220 2154 3276 facere
2187 3237 2287 3290 po-

247 3293 382 3359 test,
418 3292 542 3344 tum
580 3290 817 3359 scilicet,
856 3309 984 3346 cum
1010 3309 1147 3347 usus
1179 3291 1397 3347 fructus
1425 3308 1539 3347 non
1573 3294 1798 3346 mutata
1823 3292 2053 3346 interim
2087 3291 2289 3348 uolun-

248 3363 371 3416 tate
406 3361 603 3416 finitus
642 3362 751 3417 erit
786 3363 972 3420 minus
1010 3365 1139 3420 benc
1172 3365 1355 3435 suppl.
1394 3364 1513 3419 Ha.
1660 3366 1749 3434 22)
1789 3365 1862 3418 ad
1899 3365 2127 3420 Latium
2161 3382 2288 3435 per·

249 3433 454 3489 ducere
482 3435 814 3491 Lachmann
840 3436 1117 3492 dubitans.
1175 3437 1249 3491 ad
1277 3435 1542 3490 Latinum
1559 3437 1866 3506 perducere
1897 3438 1965 3492 L.
2021 3437 2288 3492 Latinum

248 3504 529 3647 ἡξει-θές.
635 3509 765 3635 823)
803 3507 1072 3578 quoniam
1107 3510 1163 3565 S.
1310 3510 1401 3580 24)
1434 3507 1581 3563 Iulia
1618 3511 1686 3564 L.
1835 3512 1925 3579 25)
1961 3509 2062 3578 qui
2101 3511 2170 3565 L.

246 3582 316 3631 26
373 3577 436 3632 in
475 3577 600 3633 uxit
678 3620 692 3635 .
