<?xml version="1.0" encoding="UTF-8"?>
<!DOCTYPE html PUBLIC "-//W3C//DTD XHTML 1.0 Transitional//EN"
    "http://www.w3.org/TR/xhtml1/DTD/xhtml1-transitional.dtd">
<html xmlns="http://www.w3.org/1999/xhtml" xml:lang="en" lang="en">
 <head>
  <title>
</title>
<meta http-equiv="Content-Type" content="text/html;charset=utf-8" />
  <meta name='ocr-system' content='tesseract 3.04.00' />
  <meta name='ocr-capabilities' content='ocr_page ocr_carea ocr_par ocr_line ocrx_word'/>
</head>
<body>
  <div class='ocr_page' id='page_1' title='image "./ivrisprvdentiae00kbgoog/ivrisprvdentiae00kbgoog_0175.png"; bbox 0 0 2650 3917; ppageno 0'>
   <div class='ocr_carea' id='block_1_1' title="bbox 594 133 2305 197">
    <p class='ocr_par' dir='ltr' id='par_1_1' title="bbox 594 133 2305 197">
     <span class='ocr_line' id='line_1_1' title="bbox 594 133 2305 197; baseline 0.006 -9"><span class='ocrx_word' id='word_1_1' title='bbox 594 133 694 188; x_wconf 88' lang='lat' dir='ltr'>AD</span> <span class='ocrx_word' id='word_1_2' title='bbox 733 133 968 189; x_wconf 84' lang='lat' dir='ltr'><strong>GAIVM</strong></span> <span class='ocrx_word' id='word_1_3' title='bbox 1004 134 1360 188; x_wconf 82' lang='lat' dir='ltr'>PRAEFAT.</span> <span class='ocrx_word' id='word_1_4' title='bbox 1399 133 1744 189; x_wconf 81' lang='lat' dir='ltr'>HVSCHKII</span> <span class='ocrx_word' id='word_1_5' title='bbox 1778 133 1892 189; x_wconf 85' lang='grc' dir='ltr'><strong>ΕΙ).</strong></span> <span class='ocrx_word' id='word_1_6' title='bbox 1931 134 1998 189; x_wconf 94' lang='lat' dir='ltr'>V.</span> <span class='ocrx_word' id='word_1_7' title='bbox 2178 133 2305 197; x_wconf 85' lang='lat'>139</span> 
     </span>
    </p>
   </div>
   <div class='ocr_carea' id='block_1_2' title="bbox 263 302 2308 1255">
    <p class='ocr_par' dir='ltr' id='par_1_2' title="bbox 263 302 2308 1255">
     <span class='ocr_line' id='line_1_2' title="bbox 267 302 2307 382; baseline -0.001 -19"><span class='ocrx_word' id='word_1_8' title='bbox 267 303 495 363; x_wconf 88' lang='lat' dir='ltr'>codicis</span> <span class='ocrx_word' id='word_1_9' title='bbox 543 302 933 382; x_wconf 75' lang='lat' dir='ltr'>distinguere,</span> <span class='ocrx_word' id='word_1_10' title='bbox 992 304 1112 363; x_wconf 90' lang='lat' dir='ltr'>nisi</span> <span class='ocrx_word' id='word_1_11' title='bbox 1155 304 1260 363; x_wconf 87' lang='lat' dir='ltr'>ubi</span> <span class='ocrx_word' id='word_1_12' title='bbox 1303 306 1621 378; x_wconf 71' lang='lat' dir='ltr'>intererat,</span> <span class='ocrx_word' id='word_1_13' title='bbox 1683 303 1748 361; x_wconf 91' lang='lat' dir='ltr'>id</span> <span class='ocrx_word' id='word_1_14' title='bbox 1814 306 1928 379; x_wconf 92' lang='lat' dir='ltr'>est,</span> <span class='ocrx_word' id='word_1_15' title='bbox 1992 303 2092 362; x_wconf 87' lang='lat' dir='ltr'>ubi</span> <span class='ocrx_word' id='word_1_16' title='bbox 2149 321 2307 362; x_wconf 86' lang='lat' dir='ltr'>nova</span> 
     </span>
     <span class='ocr_line' id='line_1_3' title="bbox 266 391 2308 470; baseline -0 -20"><span class='ocrx_word' id='word_1_17' title='bbox 266 392 567 469; x_wconf 86' lang='lat' dir='ltr'>quaedam</span> <span class='ocrx_word' id='word_1_18' title='bbox 614 392 691 452; x_wconf 87' lang='lat' dir='ltr'>ad</span> <span class='ocrx_word' id='word_1_19' title='bbox 745 393 1092 453; x_wconf 78' lang='lat' dir='ltr'>schedarum</span> <span class='ocrx_word' id='word_1_20' title='bbox 1147 392 1363 453; x_wconf 91' lang='lat' dir='ltr'>ductus</span> <span class='ocrx_word' id='word_1_21' title='bbox 1428 394 1860 470; x_wconf 86' lang='lat' dir='ltr'>supplevimus,</span> <span class='ocrx_word' id='word_1_22' title='bbox 1924 396 1994 451; x_wconf 87' lang='lat' dir='ltr'>ut</span> <span class='ocrx_word' id='word_1_23' title='bbox 2050 391 2308 452; x_wconf 89' lang='lat' dir='ltr'>otiosum</span> 
     </span>
     <span class='ocr_line' id='line_1_4' title="bbox 263 480 2305 558; baseline -0.001 -17"><span class='ocrx_word' id='word_1_24' title='bbox 263 501 393 542; x_wconf 88' lang='lat' dir='ltr'>non</span> <span class='ocrx_word' id='word_1_25' title='bbox 436 482 682 558; x_wconf 79' lang='lat' dir='ltr'>placuit.</span> <span class='ocrx_word' id='word_1_26' title='bbox 772 481 845 540; x_wconf 90' lang='lat' dir='ltr'>In</span> <span class='ocrx_word' id='word_1_27' title='bbox 892 483 1102 542; x_wconf 88' lang='lat' dir='ltr'>critica</span> <span class='ocrx_word' id='word_1_28' title='bbox 1149 482 1535 542; x_wconf 83' lang='lat' dir='ltr'>adnotatione</span> <span class='ocrx_word' id='word_1_29' title='bbox 1571 483 1734 558; x_wconf 89' lang='lat' dir='ltr'>ipsos</span> <span class='ocrx_word' id='word_1_30' title='bbox 1780 481 2131 543; x_wconf 80' lang='lat' dir='ltr'>schedarum</span> <span class='ocrx_word' id='word_1_31' title='bbox 2167 480 2305 540; x_wconf 89' lang='lat' dir='ltr'>duc-</span> 
     </span>
     <span class='ocr_line' id='line_1_5' title="bbox 264 571 2305 648; baseline -0 -18"><span class='ocrx_word' id='word_1_32' title='bbox 264 574 372 630; x_wconf 87' lang='lat' dir='ltr'>tus</span> <span class='ocrx_word' id='word_1_33' title='bbox 416 574 867 648; x_wconf 85' lang='lat' dir='ltr'>repraesentare</span> <span class='ocrx_word' id='word_1_34' title='bbox 912 572 1090 631; x_wconf 88' lang='lat' dir='ltr'>initio</span> <span class='ocrx_word' id='word_1_35' title='bbox 1138 571 1591 648; x_wconf 83' lang='lat' dir='ltr'>constitueram3</span> <span class='ocrx_word' id='word_1_36' title='bbox 1646 571 1748 632; x_wconf 88' lang='lat' dir='ltr'>sed</span> <span class='ocrx_word' id='word_1_37' title='bbox 1807 590 1945 630; x_wconf 85' lang='lat' dir='ltr'>mox</span> <span class='ocrx_word' id='word_1_38' title='bbox 1991 571 2305 630; x_wconf 85' lang='lat' dir='ltr'>consilium</span> 
     </span>
     <span class='ocr_line' id='line_1_6' title="bbox 265 659 2307 737; baseline 0 -19"><span class='ocrx_word' id='word_1_39' title='bbox 265 659 647 720; x_wconf 80' lang='lat' dir='ltr'>difficultatis</span> <span class='ocrx_word' id='word_1_40' title='bbox 692 659 936 737; x_wconf 88' lang='lat' dir='ltr'>plenum</span> <span class='ocrx_word' id='word_1_41' title='bbox 975 661 1182 734; x_wconf 87' lang='lat' dir='ltr'>abieci,</span> <span class='ocrx_word' id='word_1_42' title='bbox 1227 661 1483 720; x_wconf 85' lang='lat' dir='ltr'>maxime</span> <span class='ocrx_word' id='word_1_43' title='bbox 1524 664 1846 736; x_wconf 86' lang='lat' dir='ltr'>postquam</span> <span class='ocrx_word' id='word_1_44' title='bbox 1892 660 2307 732; x_wconf 83' lang='lat' dir='ltr'>animadverti,</span> 
     </span>
     <span class='ocr_line' id='line_1_7' title="bbox 265 749 2305 828; baseline -0.001 -19"><span class='ocrx_word' id='word_1_45' title='bbox 265 769 455 825; x_wconf 82' lang='lat' dir='ltr'>quam</span> <span class='ocrx_word' id='word_1_46' title='bbox 498 751 657 809; x_wconf 88' lang='lat' dir='ltr'>male</span> <span class='ocrx_word' id='word_1_47' title='bbox 700 749 766 809; x_wconf 89' lang='lat' dir='ltr'>id</span> <span class='ocrx_word' id='word_1_48' title='bbox 803 750 1169 828; x_wconf 87' lang='lat' dir='ltr'>Boeckingio</span> <span class='ocrx_word' id='word_1_49' title='bbox 1218 750 1493 826; x_wconf 84' lang='lat' dir='ltr'>quamvis</span> <span class='ocrx_word' id='word_1_50' title='bbox 1539 749 2000 827; x_wconf 82' lang='lat' dir='ltr'>diligentissimo</span> <span class='ocrx_word' id='word_1_51' title='bbox 2048 751 2305 809; x_wconf 89' lang='lat' dir='ltr'>cesserit.</span> 
     </span>
     <span class='ocr_line' id='line_1_8' title="bbox 264 837 2306 915; baseline -0.001 -16"><span class='ocrx_word' id='word_1_52' title='bbox 264 839 487 915; x_wconf 83' lang='lat' dir='ltr'>Itaque</span> <span class='ocrx_word' id='word_1_53' title='bbox 529 840 645 899; x_wconf 85' lang='lat' dir='ltr'>hac</span> <span class='ocrx_word' id='word_1_54' title='bbox 688 841 862 914; x_wconf 86' lang='lat' dir='ltr'>parte</span> <span class='ocrx_word' id='word_1_55' title='bbox 898 837 1270 899; x_wconf 88' lang='lat' dir='ltr'>Lachmanni</span> <span class='ocrx_word' id='word_1_56' title='bbox 1306 838 1491 898; x_wconf 86' lang='lat' dir='ltr'>editio</span> <span class='ocrx_word' id='word_1_57' title='bbox 1529 839 1802 899; x_wconf 84' lang='lat' dir='ltr'>adeunda</span> <span class='ocrx_word' id='word_1_58' title='bbox 1842 842 1948 898; x_wconf 91' lang='lat' dir='ltr'>est.</span> <span class='ocrx_word' id='word_1_59' title='bbox 2035 838 2306 914; x_wconf 91' lang='lat' dir='ltr'>Denique</span> 
     </span>
     <span class='ocr_line' id='line_1_9' title="bbox 266 924 2305 1002; baseline -0 -15"><span class='ocrx_word' id='word_1_60' title='bbox 266 946 304 987; x_wconf 83' lang='lat' dir='ltr'>a</span> <span class='ocrx_word' id='word_1_61' title='bbox 351 930 514 988; x_wconf 87' lang='lat' dir='ltr'>notis</span> <span class='ocrx_word' id='word_1_62' title='bbox 551 927 773 987; x_wconf 87' lang='lat' dir='ltr'>criticis</span> <span class='ocrx_word' id='word_1_63' title='bbox 808 928 1091 987; x_wconf 87' lang='lat' dir='ltr'>inferiore</span> <span class='ocrx_word' id='word_1_64' title='bbox 1129 927 1516 988; x_wconf 86' lang='lat' dir='ltr'>adnotatione</span> <span class='ocrx_word' id='word_1_65' title='bbox 1553 930 1809 987; x_wconf 85' lang='lat' dir='ltr'>maxime</span> <span class='ocrx_word' id='word_1_66' title='bbox 1845 924 2129 1002; x_wconf 89' lang='lat' dir='ltr'>loco‘rum,</span> <span class='ocrx_word' id='word_1_67' title='bbox 2177 929 2305 1002; x_wconf 90' lang='lat' dir='ltr'>qui-</span> 
     </span>
     <span class='ocr_line' id='line_1_10' title="bbox 265 1015 2305 1093; baseline -0 -18"><span class='ocrx_word' id='word_1_68' title='bbox 265 1017 379 1077; x_wconf 85' lang='lat' dir='ltr'>bus</span> <span class='ocrx_word' id='word_1_69' title='bbox 426 1019 713 1093; x_wconf 83' lang='lat' dir='ltr'>cuiusque</span> <span class='ocrx_word' id='word_1_70' title='bbox 760 1015 824 1093; x_wconf 72' lang='lat' dir='ltr'>§i</span> <span class='ocrx_word' id='word_1_71' title='bbox 882 1020 1178 1077; x_wconf 88' lang='lat' dir='ltr'>sententia</span> <span class='ocrx_word' id='word_1_72' title='bbox 1232 1018 1600 1092; x_wconf 86' lang='lat' dir='ltr'>illustratur,</span> <span class='ocrx_word' id='word_1_73' title='bbox 1655 1017 2084 1076; x_wconf 86' lang='lat' dir='ltr'>indicationem</span> <span class='ocrx_word' id='word_1_74' title='bbox 2139 1034 2305 1093; x_wconf 85' lang='lat' dir='ltr'>sepa·</span> 
     </span>
     <span class='ocr_line' id='line_1_11' title="bbox 265 1107 2305 1183; baseline -0 -18"><span class='ocrx_word' id='word_1_75' title='bbox 265 1125 401 1165; x_wconf 88' lang='lat' dir='ltr'>rare</span> <span class='ocrx_word' id='word_1_76' title='bbox 447 1107 697 1183; x_wconf 88' lang='lat' dir='ltr'>placuit,</span> <span class='ocrx_word' id='word_1_77' title='bbox 744 1107 887 1183; x_wconf 89' lang='lat' dir='ltr'>quia</span> <span class='ocrx_word' id='word_1_78' title='bbox 933 1125 1003 1165; x_wconf 92' lang='lat' dir='ltr'>ea</span> <span class='ocrx_word' id='word_1_79' title='bbox 1047 1109 1280 1166; x_wconf 87' lang='lat' dir='ltr'>ratione</span> <span class='ocrx_word' id='word_1_80' title='bbox 1325 1109 1390 1165; x_wconf 90' lang='lat' dir='ltr'>in</span> <span class='ocrx_word' id='word_1_81' title='bbox 1426 1107 1539 1165; x_wconf 89' lang='lat' dir='ltr'>hoc</span> <span class='ocrx_word' id='word_1_82' title='bbox 1585 1109 1874 1183; x_wconf 87' lang='lat' dir='ltr'>scriptore</span> <span class='ocrx_word' id='word_1_83' title='bbox 1921 1107 2123 1183; x_wconf 89' lang='lat' dir='ltr'>spatio</span> <span class='ocrx_word' id='word_1_84' title='bbox 2169 1124 2305 1165; x_wconf 90' lang='lat' dir='ltr'>con-</span> 
     </span>
     <span class='ocr_line' id='line_1_12' title="bbox 268 1195 770 1255; baseline -0.004 0"><span class='ocrx_word' id='word_1_85' title='bbox 268 1197 393 1255; x_wconf 87' lang='lat' dir='ltr'>suli</span> <span class='ocrx_word' id='word_1_86' title='bbox 436 1195 770 1254; x_wconf 84' lang='lat' dir='ltr'>videbatur.</span> 
     </span>
    </p>
   </div>
   <div class='ocr_carea' id='block_1_3' title="bbox 267 1470 2308 1641">
    <p class='ocr_par' dir='ltr' id='par_1_3' title="bbox 267 1470 2308 1641">
     <span class='ocr_line' id='line_1_13' title="bbox 267 1470 2308 1641; baseline -0 -101"><span class='ocrx_word' id='word_1_87' title='bbox 267 1474 392 1540; x_wconf 87' lang='lat' dir='ltr'>EX</span> <span class='ocrx_word' id='word_1_88' title='bbox 447 1472 876 1540; x_wconf 85' lang='lat' dir='ltr'>HVSCHKII</span> <span class='ocrx_word' id='word_1_89' title='bbox 938 1470 1563 1641; x_wconf 40' lang='lat' dir='ltr'>PRQEVFissssaeMNE</span> <span class='ocrx_word' id='word_1_90' title='bbox 1620 1473 1741 1540; x_wconf 90' lang='lat' dir='ltr'>AD</span> <span class='ocrx_word' id='word_1_91' title='bbox 1809 1473 2308 1541; x_wconf 87' lang='lat' dir='ltr'>EDITIONEM</span> 
     </span>
    </p>
   </div>
   <div class='ocr_carea' id='block_1_4' title="bbox 271 1730 2308 2523">
    <p class='ocr_par' dir='ltr' id='par_1_4' title="bbox 271 1730 2308 2523">
     <span class='ocr_line' id='line_1_14' title="bbox 401 1730 2306 1806; baseline -0.001 -17"><span class='ocrx_word' id='word_1_92' title='bbox 401 1730 620 1805; x_wconf 87' lang='lat' dir='ltr'>Itaque</span> <span class='ocrx_word' id='word_1_93' title='bbox 683 1731 806 1788; x_wconf 89' lang='lat' dir='ltr'>iam</span> <span class='ocrx_word' id='word_1_94' title='bbox 861 1730 939 1789; x_wconf 90' lang='lat' dir='ltr'>ad</span> <span class='ocrx_word' id='word_1_95' title='bbox 1001 1730 1247 1789; x_wconf 88' lang='lat' dir='ltr'>ultimos</span> <span class='ocrx_word' id='word_1_96' title='bbox 1304 1732 1469 1790; x_wconf 84' lang='lat' dir='ltr'>vitae</span> <span class='ocrx_word' id='word_1_97' title='bbox 1531 1731 1828 1790; x_wconf 88' lang='lat' dir='ltr'>humanae</span> <span class='ocrx_word' id='word_1_98' title='bbox 1890 1730 2115 1789; x_wconf 87' lang='lat' dir='ltr'>limites</span> <span class='ocrx_word' id='word_1_99' title='bbox 2170 1750 2306 1806; x_wconf 86' lang='lat' dir='ltr'>pro-</span> 
     </span>
     <span class='ocr_line' id='line_1_15' title="bbox 271 1817 2308 1897; baseline 0 -19"><span class='ocrx_word' id='word_1_100' title='bbox 271 1821 480 1879; x_wconf 83' lang='lat' dir='ltr'>vectus</span> <span class='ocrx_word' id='word_1_101' title='bbox 547 1819 786 1879; x_wconf 77' lang='lat' dir='ltr'>dimitto</span> <span class='ocrx_word' id='word_1_102' title='bbox 843 1817 1060 1878; x_wconf 81' lang='lat' dir='ltr'>Graium</span> <span class='ocrx_word' id='word_1_103' title='bbox 1113 1839 1310 1879; x_wconf 92' lang='lat' dir='ltr'>meum</span> <span class='ocrx_word' id='word_1_104' title='bbox 1367 1822 1428 1878; x_wconf 87' lang='lat' dir='ltr'>et</span> <span class='ocrx_word' id='word_1_105' title='bbox 1482 1839 1604 1879; x_wconf 93' lang='lat' dir='ltr'>non</span> <span class='ocrx_word' id='word_1_106' title='bbox 1659 1822 1785 1879; x_wconf 88' lang='lat' dir='ltr'>sine</span> <span class='ocrx_word' id='word_1_107' title='bbox 1844 1838 2065 1897; x_wconf 85' lang='lat' dir='ltr'>magna</span> <span class='ocrx_word' id='word_1_108' title='bbox 2121 1822 2308 1878; x_wconf 87' lang='lat' dir='ltr'>animi</span> 
     </span>
     <span class='ocr_line' id='line_1_16' title="bbox 272 1907 2308 1986; baseline 0 -19"><span class='ocrx_word' id='word_1_109' title='bbox 272 1911 390 1968; x_wconf 89' lang='lat' dir='ltr'>mei</span> <span class='ocrx_word' id='word_1_110' title='bbox 435 1910 834 1968; x_wconf 89' lang='lat' dir='ltr'>commotione</span> <span class='ocrx_word' id='word_1_111' title='bbox 882 1907 1013 1968; x_wconf 87' lang='lat' dir='ltr'>vale</span> <span class='ocrx_word' id='word_1_112' title='bbox 1063 1911 1119 1967; x_wconf 93' lang='lat' dir='ltr'>ei</span> <span class='ocrx_word' id='word_1_113' title='bbox 1164 1909 1322 1986; x_wconf 88' lang='lat' dir='ltr'>dico,</span> <span class='ocrx_word' id='word_1_114' title='bbox 1370 1912 1663 1985; x_wconf 89' lang='lat' dir='ltr'>tanquam</span> <span class='ocrx_word' id='word_1_115' title='bbox 1706 1912 1801 1968; x_wconf 88' lang='lat' dir='ltr'>tot</span> <span class='ocrx_word' id='word_1_116' title='bbox 1844 1929 1962 1984; x_wconf 91' lang='lat' dir='ltr'>per</span> <span class='ocrx_word' id='word_1_117' title='bbox 2004 1927 2190 1968; x_wconf 88' lang='lat' dir='ltr'>annos</span> <span class='ocrx_word' id='word_1_118' title='bbox 2236 1912 2308 1968; x_wconf 90' lang='lat' dir='ltr'>ut</span> 
     </span>
     <span class='ocr_line' id='line_1_17' title="bbox 273 1997 2306 2077; baseline 0 -21"><span class='ocrx_word' id='word_1_119' title='bbox 273 2001 520 2077; x_wconf 83' lang='lat' dir='ltr'>vegetae</span> <span class='ocrx_word' id='word_1_120' title='bbox 568 1997 659 2056; x_wconf 89' lang='lat' dir='ltr'>ita</span> <span class='ocrx_word' id='word_1_121' title='bbox 704 2017 859 2057; x_wconf 88' lang='lat' dir='ltr'>nunc</span> <span class='ocrx_word' id='word_1_122' title='bbox 907 1998 1233 2058; x_wconf 86' lang='lat' dir='ltr'>deficientis</span> <span class='ocrx_word' id='word_1_123' title='bbox 1289 2000 1508 2059; x_wconf 81' lang='lat' dir='ltr'>aetatis</span> <span class='ocrx_word' id='word_1_124' title='bbox 1554 1997 1671 2057; x_wconf 88' lang='lat' dir='ltr'>fido</span> <span class='ocrx_word' id='word_1_125' title='bbox 1729 2000 1919 2057; x_wconf 86' lang='lat' dir='ltr'>amico</span> <span class='ocrx_word' id='word_1_126' title='bbox 1967 2001 2028 2058; x_wconf 89' lang='lat' dir='ltr'>et</span> <span class='ocrx_word' id='word_1_127' title='bbox 2083 1999 2306 2072; x_wconf 88' lang='lat' dir='ltr'>comiti,</span> 
     </span>
     <span class='ocr_line' id='line_1_18' title="bbox 273 2086 2307 2164; baseline -0 -17"><span class='ocrx_word' id='word_1_128' title='bbox 273 2090 376 2164; x_wconf 89' lang='lat' dir='ltr'>qui</span> <span class='ocrx_word' id='word_1_129' title='bbox 438 2105 752 2162; x_wconf 87' lang='lat' dir='ltr'>nunquam</span> <span class='ocrx_word' id='word_1_130' title='bbox 805 2106 925 2147; x_wconf 89' lang='lat' dir='ltr'>non</span> <span class='ocrx_word' id='word_1_131' title='bbox 988 2087 1123 2163; x_wconf 89' lang='lat' dir='ltr'>plus</span> <span class='ocrx_word' id='word_1_132' title='bbox 1186 2087 1459 2146; x_wconf 89' lang='lat' dir='ltr'>beneficii</span> <span class='ocrx_word' id='word_1_133' title='bbox 1523 2088 1701 2147; x_wconf 89' lang='lat' dir='ltr'>utilia</span> <span class='ocrx_word' id='word_1_134' title='bbox 1764 2086 2026 2147; x_wconf 88' lang='lat' dir='ltr'>docendo</span> <span class='ocrx_word' id='word_1_135' title='bbox 2091 2090 2171 2145; x_wconf 88' lang='lat' dir='ltr'>et·</span> <span class='ocrx_word' id='word_1_136' title='bbox 2210 2086 2307 2146; x_wconf 89' lang='lat' dir='ltr'>de-</span> 
     </span>
     <span class='ocr_line' id='line_1_19' title="bbox 273 2175 2307 2253; baseline -0.002 -15"><span class='ocrx_word' id='word_1_137' title='bbox 273 2177 547 2238; x_wconf 84' lang='lat' dir='ltr'>lectando</span> <span class='ocrx_word' id='word_1_138' title='bbox 593 2178 660 2235; x_wconf 89' lang='lat' dir='ltr'>in</span> <span class='ocrx_word' id='word_1_139' title='bbox 705 2196 798 2236; x_wconf 91' lang='lat' dir='ltr'>me</span> <span class='ocrx_word' id='word_1_140' title='bbox 854 2177 1135 2252; x_wconf 88' lang='lat' dir='ltr'>contulit,</span> <span class='ocrx_word' id='word_1_141' title='bbox 1182 2196 1363 2253; x_wconf 90' lang='lat' dir='ltr'>quam</span> <span class='ocrx_word' id='word_1_142' title='bbox 1413 2177 1467 2235; x_wconf 89' lang='lat' dir='ltr'>ei</span> <span class='ocrx_word' id='word_1_143' title='bbox 1516 2177 1589 2236; x_wconf 89' lang='lat' dir='ltr'>ab</span> <span class='ocrx_word' id='word_1_144' title='bbox 1634 2178 1871 2235; x_wconf 88' lang='lat' dir='ltr'>iniuriis</span> <span class='ocrx_word' id='word_1_145' title='bbox 1926 2175 2307 2235; x_wconf 77' lang='lat' dir='ltr'>librariorum</span> 
     </span>
     <span class='ocr_line' id='line_1_20' title="bbox 274 2253 2305 2343; baseline -0.001 -18"><span class='ocrx_word' id='word_1_146' title='bbox 274 2253 648 2342; x_wconf 79' lang='lat' dir='ltr'>aliorumque</span> <span class='ocrx_word' id='word_1_147' title='bbox 713 2265 1077 2337; x_wconf 87' lang='lat' dir='ltr'>defendendo</span> <span class='ocrx_word' id='word_1_148' title='bbox 1141 2266 1468 2325; x_wconf 89' lang='lat' dir='ltr'>retribuere</span> <span class='ocrx_word' id='word_1_149' title='bbox 1529 2268 1719 2343; x_wconf 92' lang='lat' dir='ltr'>potui.</span> <span class='ocrx_word' id='word_1_150' title='bbox 1827 2265 2012 2325; x_wconf 84' lang='lat' dir='ltr'>Scrib.</span> <span class='ocrx_word' id='word_1_151' title='bbox 2059 2264 2305 2324; x_wconf 88' lang='lat' dir='ltr'>Vratisl.</span> 
     </span>
     <span class='ocr_line' id='line_1_21' title="bbox 272 2351 2307 2463; baseline -0.001 -48"><span class='ocrx_word' id='word_1_152' title='bbox 272 2375 470 2417; x_wconf 85' lang='lat' dir='ltr'>mense</span> <span class='ocrx_word' id='word_1_153' title='bbox 507 2354 715 2432; x_wconf 86' lang='lat' dir='ltr'>Aprili</span> <span class='ocrx_word' id='word_1_154' title='bbox 763 2355 952 2414; x_wconf 87' lang='grc'><strong>1885.</strong></span> <span class='ocrx_word' id='word_1_155' title='bbox 1003 2351 1196 2431; x_wconf 91' lang='lat' dir='ltr'>[Obiit</span> <span class='ocrx_word' id='word_1_156' title='bbox 1233 2354 1515 2414; x_wconf 85' lang='lat' dir='ltr'>Huschke</span> <span class='ocrx_word' id='word_1_157' title='bbox 1562 2355 1617 2414; x_wconf 92' lang='lat' dir='ltr'>d.</span> <span class='ocrx_word' id='word_1_158' title='bbox 1662 2358 1716 2414; x_wconf 84' lang='lat'>7.</span> <span class='ocrx_word' id='word_1_159' title='bbox 1755 2355 2068 2463; x_wconf 86' lang='lat' dir='ltr'>Februarii</span> <span class='ocrx_word' id='word_1_160' title='bbox 2116 2354 2307 2430; x_wconf 84' lang='lat'>1886,</span> 
     </span>
     <span class='ocr_line' id='line_1_22' title="bbox 273 2438 1773 2523; baseline -0.001 -18"><span class='ocrx_word' id='word_1_161' title='bbox 273 2449 445 2507; x_wconf 81' lang='lat' dir='ltr'>natus</span> <span class='ocrx_word' id='word_1_162' title='bbox 492 2445 549 2504; x_wconf 92' lang='lat' dir='ltr'>d.</span> <span class='ocrx_word' id='word_1_163' title='bbox 592 2446 696 2504; x_wconf 84' lang='grc'>26.</span> <span class='ocrx_word' id='word_1_164' title='bbox 733 2443 897 2503; x_wconf 90' lang='lat' dir='ltr'>Iunii</span> <span class='ocrx_word' id='word_1_165' title='bbox 946 2438 1166 2523; x_wconf 74' lang='lat'>1801]</span> <span class='ocrx_word' id='word_1_166' title='bbox 1374 2458 1375 2461; x_wconf 75' lang='grc'>’</span> <span class='ocrx_word' id='word_1_167' title='bbox 1770 2484 1773 2487; x_wconf 17' lang='grc' dir='ltr'><strong>Δ</strong></span> 
     </span>
    </p>
   </div>
  </div>
 </body>
</html>
