2650 3917
640 147 988 203 HVSOHKII
1022 146 1436 202 PRAEFATIO
1474 147 1575 201 AD
1613 147 1728 201 ΕΙ).
1766 147 1809 201 Ι.
2123 146 2252 200 xm

215 324 386 380 stare.
481 317 678 378 Tanta
734 319 895 377 enim
949 320 1039 377 est
1089 316 1375 377 IGtorum
1425 316 1711 392 loquendi
1758 317 2123 393 proprietas,
2176 319 2249 374 ut

212 409 387 468 modo
437 409 707 484 ipsorum
757 407 1061 482 loquelam
1111 407 1321 466 audias
1372 425 1481 465 nec
1529 404 1694 464 rudis
1740 408 1820 465 sis
1871 406 1952 463 in·
1983 424 2047 463 re
2091 423 2247 481 quae

213 500 535 573 tractatur,
582 497 883 556 intentum
928 496 1170 572 quidem
1220 498 1285 554 in
1322 516 1449 555 rem
1495 495 1766 554 animum
1803 498 1866 554 et
1909 494 2247 554 meditatio·

212 607 346 647 nem
382 589 652 664 poscant,
689 588 1014 662 interprete
1052 604 1193 645 vero
1238 586 1594 661 plerumque
1640 604 1760 644 non
1805 586 2035 662 egeant.
2126 582 2248 642 Ita-

214 696 327 754 que
355 679 423 736 in
452 694 686 735 summa
721 674 1175 734 meditationem
1208 676 1452 733 tantum
1488 675 1772 733 adiuvare
1804 673 2052 750 placuit,
2079 675 2144 731 in
2172 674 2249 732 iis

210 767 566 842 praesertim
599 763 790 839 libris,
826 764 986 823 unde
1023 764 1171 824 iuris
1201 764 1398 823 civilis
1434 765 1792 840 antiquioris
1822 764 2086 840 cognitio
2123 782 2248 822 ma-

210 856 366 914 xime
410 854 717 928 hauritur,
762 854 909 913 10013
955 853 1238 913 indicatis
1283 854 1540 912 aliorum
1586 856 2136 927 monumentorum,
2183 853 2248 911 in

215 944 429 1021 quibus
469 943 676 1002 eadem
711 961 805 1003 res
851 945 1175 1001 tractatur:
1219 961 1357 1001 raro
1397 944 1578 1001 etiam
1625 942 1863 1001 notulas
1901 942 2250 1017 interspersi

213 1034 287 1092 ad
323 1033 669 1092 intellectus
707 1032 975 1108 aliquam
1012 1032 1428 1091 difficultatem
1466 1032 1849 1107 pertinentes,
1944 1030 2058 1090 Sed
2088 1034 2150 1090 et
2183 1033 2251 1089 in>

212 1124 358 1183 10013
393 1122 518 1181 11113
564 1122 864 1181 similibus
907 1120 1245 1181 indicandis
1291 1121 1532 1180 modum
1583 1120 1844 1195 servavi,
1888 1139 1998 1196 pro
2035 1139 2249 1198 genere

212 1212 456 1289 quidem
511 1212 798 1286 cuiusque
852 1210 1195 1287 scriptionis
1252 1210 1578 1284 diversum,
1644 1209 1883 1269 omnino
1940 1229 2081 1269 vero
2137 1209 2248 1269 hac

213 1319 424 1360 norma
461 1302 866 1375 aestimatum,
895 1301 964 1358 ut
992 1319 1063 1358 ea
1090 1302 1330 1358 tantum
1367 1298 1792 1377 allegarentur,
1819 1317 1972 1374 quae
2002 1299 2081 1359 ad
2106 1318 2248 1373 rem,

212 1391 284 1449 de
329 1409 454 1466 qua
502 1392 805 1467 ageretur,
842 1388 1306 1466 intellegendam
1350 1389 1642 1464 facerent,
1689 1407 1808 1447 non
1846 1390 2053 1463 etiam,
2097 1407 2248 1463 quae

214 1481 345 1557 ipsa
395 1499 466 1539 ex
514 1497 583 1537 eo
628 1478 789 1551 loc0,
835 1478 938 1554 qui
984 1477 1377 1536 illustrandus
1423 1480 1603 1551 esset,
1647 1477 1841 1536 lucem
1888 1477 2249 1553 acciperent:

214 1569 429 1646 quodsi
464 1568 573 1626 illa
612 1568 1017 1644 compluscula
1063 1569 1260 1643 erant,
1317 1566 1500 1625 etiam
1541 1561 1620 1625 ad
1668 1566 1876 1640 libros,
1930 1566 2086 1625 unde
2123 1568 2250 1641 peti

211 1661 472 1735 possent,
510 1658 730 1715 remisi.
771 1689 853 1697 —
892 1656 1077 1714 Initio
1119 1655 1569 1715 adnotationem
1615 1656 1887 1715 criticam
1925 1656 1999 1714 ab
2044 1674 2249 1734 exege-

211 1750 335 1807 tica
379 1764 625 1823 prorsus
671 1764 946 1821 separare
997 1747 1442 1805 constitueram.
1535 1744 1653 1803 Sed
1698 1763 1834 1804 cum
1880 1744 2249 1805 animadver-

211 1840 420 1910 terem,
458 1854 530 1893 ea
558 1855 623 1894 re
659 1835 919 1894 multum
955 1835 1137 1911 spatii
1170 1834 1429 1908 absumi,
1468 1835 1785 1894 consilium
1810 1835 1924 1893 hoc
1962 1835 2153 1893 abieci
2190 1838 2252 1902 et
2303 1909 2316 1916 Ι

211 1929 453 1985 tantum
489 1927 555 1983 in
594 1922 732 1984 Gaii
765 1924 1255 1983 Institutionibus
1292 1924 1533 1983 retinui.

343 2014 583 2074 Indices
618 2014 827 2073 uberes
866 2016 928 2072 et
964 2016 1103 2089 apte
1149 2013 1461 2073 institutos
1495 2015 1560 2071 in
1596 2013 1942 2072 huiusmodi
1985 2032 2250 2090 praeser-

210 2105 324 2163 tim
361 2102 641 2180 operibus
677 2121 897 2181 magno
933 2102 1256 2162 lectoribus
1283 2104 1423 2161 usui
1448 2121 1591 2178 esse,
1619 2122 1715 2161 me
1743 2122 1865 2162 non
1891 2103 2066 2180 fugit.
2135 2102 2250 2162 Sed

212 2213 351 2253 cum
388 2212 426 2251 a
478 2192 774 2251 tironibus
832 2194 1030 2251 minus
1081 2192 1506 2266 desiderentur,
1560 2193 1619 2250 et
1654 2211 1765 2250 nec
1812 2194 2075 2267 pretium
2112 2193 2251 2251 libri

210 2284 276 2342 in
332 2301 543 2341 eorum
597 2282 1037 2340 incommodum
1099 2281 1212 2340 hac
1268 2280 1341 2339 de
1397 2299 1577 2341 causa
1632 2283 1866 2359 augeri,
1931 2300 2038 2340 nec
2093 2282 2251 2341 hunc

209 2374 412 2449 ipsum
459 2370 688 2429 diutius
723 2373 916 2447 premi
950 2369 1284 2446 bibliopola
1326 2370 1538 2444 vellet,
1583 2371 1808 2430 indices
1853 2374 2018 2446 post,
2068 2390 2252 2446 quam

210 2463 476 2537 primum
520 2461 751 2533 tamen,
806 2459 1016 2519 confici
1061 2463 1122 2518 et
1168 2478 1276 2518 suo
1326 2416 1628 2534 parabiles
1673 2459 1869 2535 pretio
1926 2461 2252 2536 separatim

211 2550 309 2610 edi
346 2550 598 2625 placuit.

344 2638 461 2697 His
500 2637 575 2696 de
611 2638 887 2711 00031110,
936 2637 1096 2712 quod
1136 2638 1374 2696 secutus
1413 2654 1569 2713 sum,
1616 2638 2006 2713 praemonitis
2043 2641 2252 2711 restat,

208 2731 281 2787 ut
306 2728 534 2787 librum
562 2745 762 2786 meum
791 2745 980 2803 aequo
1007 2726 1341 2802 peritorum
1367 2725 1591 2785 iudicio
1621 2727 2041 2785 commendem.
2110 2726 2250 2796 Qui·

208 2817 319 2878 bus
358 2819 413 2877 si
449 2819 513 2875 in
552 2817 896 2876 universum
932 2815 1286 2892 probabitur
1322 2809 1419 2896 (in
1456 2816 1709 2893 singulis
1748 2817 1907 2875 enim
1943 2835 2252 2891 nunquam

209 2925 507 2983 peccasse,
548 2907 687 2981 quis
717 2924 896 2966 sanus
924 2908 1122 2981 speret
1133 2899 1192 2984 ·?)
1232 2907 1292 2963 et
1320 2906 1375 2963 si
1410 2904 1913 2981 iurisprudentiae
1951 2905 2252 2980 studiosis,

208 2997 468 3056 maxime
528 2994 1031 3070 adolescentibus,
1086 2993 1418 3053 utilitatem
1477 2994 1745 3070 aliquam
1801 2993 2058 3069 adferet,
2112 2995 2254 3055 hinc

208 3085 628 3146 dulcissimum
666 3085 961 3160 insumpti
995 3083 1218 3143 laboris
1257 3084 1523 3142 fructum
1560 3085 1809 3160 capiam.

340 3209 465 3270 Scr.
507 3207 919 3268 Vratislaviae
956 3228 1031 3267 m.
1071 3205 1318 3268 Octobri
1357 3204 1833 3268 OIOIOOGGLX.

1022 3456 1165 3464 a-.-
1184 3458 1201 3464 ι
1230 3457 1440 3463 <--—-——--0
