2650 3917
285 669 353 718 57

399 178 524 241 196
1089 176 1214 231 GAI
1247 176 1504 232 INSTIT.
1541 176 1594 229 Π
1633 182 1740 231 14⁸.

390 340 528 405 iure
590 340 976 426 consistunt,
1042 340 1208 406 sicut
1273 340 1623 426 hereditas,
1687 341 2120 425 ususfructus,
2186 340 2433 426 obliga-

390 431 598 495 tiones
647 452 905 514 quoquo
952 431 1143 495 modo
1192 433 1572 495 contractae.
1664 451 1782 494 nec
1828 430 1907 494 ad
1954 450 2089 494 rem
2144 430 2429 514 pertinet,

390 521 556 601 quod
597 521 668 583 in
713 520 1046 584 hereditate
1087 540 1187 585 res
1240 520 1586 601 corporales
1639 517 2096 603 continentur¹‚
2150 523 2217 583 et
2261 519 2431 583 fruc-

392 612 516 691 tus,
563 609 677 693 qui
723 631 801 673 ex
846 609 1047 673 fundo
1094 609 1556 694 percipiuntur,
1604 608 1968 693 corporales
2013 615 2184 687 sunt,
2233 610 2298 671 et
2345 608 2429 686 id,

394 698 566 782 quod
613 720 690 761 ex
737 698 953 782 aliqua
999 698 1395 784 obligatione
1440 697 1629 764 nobis
1677 697 1956 777 debetwr,
1998 696 2006 785 Ι
2047 697 2431 782 plerumque

342 779 354 791 ’
394 787 729 872 corporale
771 794 874 867 est,
910 788 1106 852 ueluti
1144 788 1399 868 fundUS,
1436 787 1653 871 home,
1688 788 1985 872 pecunia:
2027 809 2178 852 nam
2214 788 2429 871 ipsum

391 878 491 942 ius
540 876 960 942 successionis
1009 882 1074 942 et
1118 879 1335 961 ipsum
1381 876 1483 942 ius
1528 877 1738 942 utendi
1794 875 2051 942 fruendi
2097 879 2160 940 et
2215 876 2430 961 ipsum

391 967 491 1030 ius
541 966 953 1053 obligationis
1010 966 1414 1050 incorporale
1471 970 1584 1030 est.
1676 966 1897 1031 eodem
1951 987 2220 1030 numero
2279 967 2431 1029 sunt

392 1057 533 1120 iura
604 1056 1011 1141 praediorum
1085 1055 1481 1121 urbanorum
1555 1061 1619 1119 et
1691 1050 2184 1158 rusticorum]

391 1170 480 1208 iv.
510 1148 599 1228 2}
863 1143 903 1232 ξε
947 1167 1080 1210 11011
1127 1145 1493 1228 extollendi,
1530 1166 1611 1208 ne
1649 1143 2004 1208 luminibus
2052 1145 2252 1208 uicini
2291 1145 2433 1209 offi-

393 1235 626 1299 ciatur:
681 1235 836 1299 item
891 1235 1230 1299 fluminum
1287 1240 1353 1298 et
1408 1196 1883 1298 stillicidiorum
1943 1231 2153 1298 idem⁸
2208 1234 2309 1298 ius
2358 1236 2430 1297 ut

685 1330 723 1388 5
759 1348 847 1388 vv
1184 1362 1268 1370 —

526 1413 643 1477 14.
691 1412 818 1477 Res
835 1321 1181 1495 praeteria
1226 1419 1339 1477 aut
1384 1413 1665 1494 mancipi
1723 1418 1872 1477 sunt
1923 1417 2036 1476 aut
2088 1434 2208 1477 nec
2255 1434 2430 1476 man-

394 1503 539 1586 cipi.
550 1501 578 1538 4
622 1499 630 1589 Ι
904 1527 993 1567 vv.
1029 1509 1120 1567 5
1331 1499 1338 1589 Ι
1379 1503 1703 1567 seruitutes
1766 1501 2177 1586 praediorum
2243 1503 2431 1566 urba-

390 1613 621 1656 norum
671 1612 789 1656 nec
833 1593 1117 1676 mancipi
1160 1598 1322 1657 sunt.
1399 1592 1555 1655 item
1603 1591 2025 1675 stipendiaria
2067 1591 2331 1675 praedia
2368 1594 2431 1655 et

394 1791 444 1850 2,
475 1787 625 1854 2,1);
663 1786 915 1840 exhibent
951 1785 1084 1856 1319.
1123 1803 1331 1855 quoque
1366 1792 1417 1839 et
1456 1785 1572 1839 Gai
1607 1787 1732 1854 epit.
1771 1787 1840 1852 cf.
1871 1787 2029 1852 infoa
2068 1789 2269 1852 3,131·
2312 1791 2431 1838 141.

391 1858 554 1911 aliter
588 1858 747 1924 infra
786 1861 985 1924 3,182.
1159 1861 1209 1926 1)
1247 1874 1396 1920 nam,
1435 1857 1580 1926 quod
1616 1856 1837 1910 addunt
1872 1858 2009 1911 Inst.
2048 1862 2098 1910 et
2136 1857 2289 1927 Diq„
2326 1874 2433 1910 me-

395 1929 503 1982 lius
531 1928 693 1982 abest.
840 1931 893 1997 2)
932 1929 1008 1982 ad
1042 1945 1260 1984 semum
1287 1935 1590 1997 praeeunte
1628 1929 1912 1997 Krueyero
1940 1923 2198 1998 suppleri
2221 1935 2434 1996 potest:

390 1998 758 2054 Praediorum
793 1999 1136 2053 uirbanorum
1175 2000 1299 2053 iura
1338 2002 1469 2053 sunt
1513 1998 1675 2082 uelut
1718 1999 1805 2052 ius
1854 1999 2070 2053 altius
2117 1998 2432 2053 tollendo

392 2069 562 2124 aedes
601 2087 730 2124 suas
768 2070 1055 2124 officiendi
1100 2070 1481 2124 luminibus
1536 2070 1758 2125 uicini
1814 2070 2042 2124 aedium
2098 2073 2213 2124 aut.

394 2145 447 2211 3)
486 2143 740 2212 Krweyer
765 2143 979 2211 partim
1018 2143 1337 2210 Epitomam
1373 2148 1587 2197 secutus
1636 2143 1835 2212 optimc
1870 2143 1953 2196 ita
1997 2143 2297 2211 supplevit.-
2344 2142 2433 2196 ius

391 2212 456 2265 id
492 2215 579 2266 est
634 2215 764 2281 (pro
814 2213 964 2267 idem
1011 2213 1119 2283 ius)
1176 2215 1240 2266 ut
1293 2214 1515 2267 uicinus
1570 2212 1777 2266 flumen
1822 2212 1918 2266 uel
1973 2213 2334 2267 stillicidium
2372 2215 2432 2267 in

395 2300 584 2338 aream
622 2283 715 2339 uel
760 2284 821 2337 in
867 2284 1034 2339 aedes
1082 2301 1212 2337 suas
1258 2284 1522 2354 recipiat;
1578 2284 1716 2338 item
1763 2284 1988 2338 cloacae
2035 2284 2434 2340 immittendae

390 2358 453 2410 et
488 2355 765 2409 luminum
802 2355 1300 2409 immittendorum.
1375 2356 1734 2425 praediorum
1772 2356 2109 2410 rusticorum
2147 2357 2271 2410 iura
2300 2361 2435 2412 sunt

392 2427 554 2481 uelut
590 2429 714 2493 uia,
751 2428 885 2495 iter,
924 2430 1107 2491 actus,
1146 2427 1284 2481 item
1322 2428 1543 2496 pecoris
1581 2428 1654 2481 ad
1693 2443 1897 2496 aquam
1946 2428 2245 2497 adpulsus,
2293 2429 2435 2483 item

392 2499 500 2552 ius
548 2516 764 2568 aquae
813 2499 1179 2553 ducendae.
1253 2500 1395 2553 haec
1428 2498 1557 2552 iusta
1593 2500 1713 2551 tam
1748 2500 2089 2553 rusticorum
2128 2516 2300 2568 quam
2336 2517 2433 2553 m·-

394 2570 666 2624 banorum
703 2570 1062 2639 praediorum
1100 2570 1403 2625 seruitutes
1439 2572 1716 2624 uocantur
1752 2573 1843 2640 (cf.
1883 2572 2016 2642 Diq.
2059 2578 2107 2637 1,
2138 2576 2188 2637 8,
2220 2577 2268 2637 1,
2301 2578 2329 2625 1
2370 2574 2437 2627 in

391 2643 503 2709 fine
538 2648 589 2696 et
625 2643 762 2696 Inst.
803 2647 853 2708 2,
883 2648 932 2707 2,
964 2643 1034 2725 3).
1207 2645 1260 2711 4)
1298 2644 1499 2697 abhinc
1535 2643 1786 2723 Krueyer
1834 2644 2076 2711 supplet.-
2129 2643 2436 2719 mancipi

394 2715 528 2767 sunt
564 2713 724 2767 uelut
759 2712 967 2765 fundus
1014 2713 1075 2766 in
1120 2712 1318 2767 Italico
1377 2713 1525 2780 solo,
1580 2712 1744 2766 item
1801 2714 2007 2767 aedes
2064 2714 2126 2767 in
2180 2711 2434 2769 Italico

394 2784 566 2851 sole,
623 2784 762 2837 item
808 2783 957 2838 serui
995 2786 1053 2838 et
1089 2800 1158 2838 ea
1212 2784 1507 2851 animalia,
1565 2802 1707 2852 quae
1756 2783 1900 2839 collo
1939 2786 2177 2839 dorsone
2216 2786 2437 2840 domari

393 2855 593 2922 solent,
632 2854 791 2909 uelut
827 2855 1019 2922 boues,
1058 2854 1205 2923 equi,
1242 2856 1401 2924 muli,
1440 2855 1604 2922 asini,
1642 2855 1780 2909 item
1823 2855 2126 2910 seruitutes
2174 2857 2437 2926 praedio-

393 2944 518 2980 rum
554 2927 908 2981 rusticorum.
954 2944 1102 2980 nam.

398 3148 446 3195 3
477 3142 552 3196 D.
584 3146 634 3208 8,
656 3147 705 3207 2,
726 3146 758 3193 2
802 3140 955 3209 (θαι.
987 3143 1126 3209 175).
1188 3141 1295 3196 oie
1325 3148 1434 3210 top.
1475 3147 1524 3208 5,
1556 3147 1621 3194 27
1661 3147 1712 3196 et
1747 3143 1937 3196 Boeth.
1967 3142 2178 3196 adm.
2219 3145 2306 3213 (p.
2329 3148 2435 3196 319

396 3214 591 3282 Bait..)
653 3212 840 3282 Quint.
878 3214 1004 3265 inst.
1044 3218 1360 3277 5,10,116.

540 3290 569 3349 ξ
611 3289 693 3336 14.
751 3282 1129 3353 obligationes
1157 3300 1382 3353 quoquo
1411 3285 1576 3338 modo
1615 3284 1959 3355 contractae]
1989 3287 2058 3352 σῇ
2089 3288 2248 3353 infra
2276 3291 2326 3354 2,
2348 3291 2436 3340 38.

396 3356 522 3409 iura
560 3355 921 3425 praediorum
956 3356 1317 3427 rusticorum]
1356 3359 1426 3424 cf.
1465 3359 1622 3424 infra
1660 3362 1823 3422 2,1·7.

541 3433 570 3492 ξ
612 3433 719 3481 14⁸.
785 3429 853 3494 cfi
913 3428 1243 3497 Ulp.19,1.
1309 3446 1485 3498 supra
1524 3434 1721 3495 1,120.
1792 3428 1890 3483 Fr.
1940 3429 2062 3483 Vat.
2105 3434 2210 3483 269
2267 3431 2437 3500 (Pap.

394 3501 541 3639 ῗθε).
618 3499 774 3626 obv,
794 3505 879 3566 31,
913 3506 961 3568 1,
991 3506 1022 3554 5
1079 3502 1151 3570 (a
1192 3502 1336 3570 531).
1411 3471 1599 3556 Boetia.
1656 3502 1691 3555 z.
1732 3506 1764 3552 3
1819 3501 1894 3554 ad
1952 3500 2061 3555 Cic
2119 3508 2226 3571 top.
2285 3507 2335 3569 5,
2366 3508 2438 3556 28

420 3576 615 3639 11321
713 3573 848 3642 ait..)
