2650 3917
486 177 504 193 ·
627 149 978 206 HVSOHKII
1018 151 1435 206 PRAEFATIO
1473 150 1573 205 AD
1611 151 1726 206 ED.
1763 152 1858 207 111.
2177 144 2278 208 XV

456 302 890 415 Hvsofflm
936 349 1059 416 AD
1106 349 1503 416 TERTIAM
1553 315 2051 416 EDITIONEM

991 455 1508 523 PRAEFATIO.

377 585 548 656 Quod
597 587 754 646 hanc
802 590 1045 647 tertiam
1100 588 1423 649 editionem
1469 590 1534 647 in
1583 589 1764 648 titulo
1815 590 2013 665 operis
2062 601 2278 649 rursus

234 680 467 736 auctam
497 679 560 736 et
586 677 796 737 multis
823 678 972 736 locis
1011 678 1388 736 emendatam
1423 678 1784 755 praedicavi,
1812 698 1931 737 non
1967 680 2282 739 immerito

230 765 319 840 id,
355 768 477 825 imo
517 767 703 825 etiam
739 768 975 842 potiore
1020 768 1149 826 iure
1201 786 1384 842 quam
1420 768 1482 825 in
1531 767 1788 827 secunda
1841 768 2101 827 editione
2148 765 2269 826 fac-

235 857 363 913 tum
394 873 537 929 esse,
575 855 929 914 iudicabunt
955 874 1130 932 spero
1161 875 1382 931 omnes,
1410 856 1752 932 quicunque
1781 875 1913 915 eam
1942 874 2076 915 cum
2105 859 2269 916 ante-

231 944 473 1003 cedente
512 945 890 1004 contulerint.
956 945 1350 1004 Accesserant
1378 946 1535 1004 enim
1566 936 1663 1025 (ut
1701 946 1939 1024 singula
1977 945 2271 1021 quaedam

228 1035 349 1092 iam
387 1034 500 1093 hoc
547 1034 678 1092 loco
713 1036 842 1110 ipse
889 1027 1373 1115 commemorem)
1421 1036 1709 1093 nonnulla
1756 1054 1826 1093 ex
1871 1037 2271 1094 vetustiorum

228 1121 511 1182 ICtorum
547 1123 787 1198 scriptis
826 1123 1020 1182 adhuc
1057 1126 1498 1200 praetermissa,
1536 1124 1673 1183 aliis
1712 1126 1940 1200 pauciS‚
1987 1143 2140 1200 quae
2177 1127 2267 1183 111-

227 1212 385 1270 iuria
428 1213 506 1271 iis
543 1211 837 1271 attributa
864 1216 1055 1288 erant,
1083 1213 1302 1273 eiectis,
1377 1214 1772 1272 Accesserunt
1796 1215 2072 1290 inprimis
2102 1212 2267 1273 Cice-

227 1302 390 1360 ronis
441 1301 514 1360 de
571 1301 806 1379 legibus
861 1301 1002 1360 libri
1059 1304 1437 1378 superstiteS,
1494 1303 1835 1362 collectioni
1884 1306 2151 1378 nostrae,
2199 1306 2271 1362 ut

227 1393 364 1466 post
409 1389 649 1449 demum
693 1390 847 1466 vidi,
894 1407 964 1450 ex
1014 1391 1296 1450 instituto
1343 1393 1470 1451 eius
1508 1411 1628 1451 non
1665 1393 1862 1452 minus
1907 1394 2037 1451 iure
2073 1392 2267 1452 vindi-

229 1478 422 1555 candi,
475 1499 655 1555 quam
710 1480 926 1557 quibus
976 1482 1147 1557 prius
1184 1482 1327 1540 solis
1378 1480 1577 1540 locum
1633 1481 1907 1541 dederam
1922 1526 1937 1556 ,
1991 1500 2062 1541 ex
2111 1480 2275 1556 libro·

229 1568 354 1627 eius
393 1569 465 1627 de
495 1569 625 1627 iure
652 1569 817 1628 civili
844 1569 910 1628 in
945 1572 1138 1628 artem
1174 1570 1499 1647 redigendo
1534 1577 1773 1631 servata
1800 1570 1970 1630 nobis
2007 1571 2268 1646 paucula

228 1658 447 1717 frustm
497 1676 645 1733 quos
682 1658 867 1718 libros
903 1661 1132 1732 tamen,
1171 1678 1306 1718 cum
1345 1661 1610 1736 amplum
1657 1662 1948 1736 occupent
1984 1661 2266 1738 spatium,

229 1750 287 1805 et
331 1747 659 1823 plerisque,
709 1749 817 1823 qui
863 1766 961 1807 eos
1007 1752 1330 1823 usurpant,
1383 1751 1448 1807 in
1495 1749 1772 1824 operibus
1820 1747 2118 1809 Ciceronis
2167 1750 2266 1808 vel

226 1836 550 1912 separatim
599 1836 747 1896 editi
793 1837 869 1897 ad
915 1856 1129 1896 manus
1181 1840 1326 1915 sint,
1383 1839 1644 1915 recipere
1702 1837 2091 1913 dubitassem,
2146 1840 2266 1897 nisi

227 1927 408 1984 etiam
448 1927 883 2004 castigatiores,
913 1945 1093 2002 quam
1120 1946 1280 1986 nunc
1317 1929 1831 2002 circumferuntur,
1859 1928 2019 1987 haud
2056 1928 2265 2005 paucis

224 2017 285 2073 in
323 2015 474 2074 locis
524 2034 619 2072 me
668 2033 767 2074 eos
823 2019 1130 2091 praestare
1187 2016 1441 2076 confisus
1498 2035 1701 2076 essem.
1793 2017 2022 2076 Deinde
2078 2018 2269 2076 etiam'

224 2105 629 2182 fragmentum
666 2103 826 2180 quod
865 2105 1085 2163 dicitur
1122 2105 1194 2164 de
1229 2106 1360 2164 iure
1397 2106 1527 2165 fisci
1563 2109 1625 2165 et
1650 2105 1899 2183 Ulpiani
1925 2106 2263 2166 Institutio·

222 2212 366 2251 num
420 2193 714 2267 reliquiae
757 2193 1245 2254 vindobonenses
1304 2214 1375 2253 ex
1427 2196 1598 2254 novis
1650 2198 1806 2255 curis
1852 2195 1927 2254 iis
1974 2198 2265 2272 impensis

220 2302 411 2357 paene
450 2301 674 2342 novam
707 2282 1033 2341 induerunt
1068 2284 1341 2343 formam.
1418 2282 1588 2352 Quod
1623 2284 1768 2343 item
1806 2285 2058 2358 fortasse
2089 2304 2264 2360 prae-

221 2371 424 2431 dicare
452 2372 663 2431 liceret
689 2372 763 2431 de
800 2373 1157 2450 gravissima
1186 2375 1375 2432 totius
1405 2373 1664 2450 sylloges
1691 2376 1882 2450 parte,
1911 2372 2050 2433 Gaii
2074 2374 2264 2433 Insti-

220 2460 592 2534 tutionibuS‚
640 2462 693 2520 si
740 2459 1139 2520 Studemundi
1185 2462 1520 2520 studiorum
1556 2464 1620 2520 in
1658 2462 1918 2523 codicem
1955 2462 2268 2540 Veronen-⁴

220 2568 347 2609 sem
395 2550 752 2609 collatorum
798 2551 993 2627 plenis
1039 2551 1335 2610 fructibus
1371 2551 1464 2609 uti
1507 2553 1630 2610 iam
1675 2570 1847 2627 posse
1894 2552 2264 2629 contigisset.

217 2639 300 2697 Hi
338 2643 545 2698 tamen
594 2638 824 2715 publici
858 2642 1008 2699 iuris
1044 2640 1307 2699 nondum
1345 2642 1494 2700 facti
1531 2646 1728 2716 erant,
1778 2659 1886 2700 nec
1923 2641 2262 2742 operiendi,

218 2728 408 2788 donec
444 2728 510 2787 id
544 2727 738 2805 fieret,
789 2731 1056 2805 potestas
1102 2729 1243 2788 data
1282 2734 1399 2806 est,
1443 2729 1798 2832 bibliopola,
1836 2731 1941 2806 qui
1986 2733 2260 2789 nostrum

219 2836 372 2894 opus
409 2816 681 2892 redemit,
731 2822 801 2877 ut
846 2837 1029 2894 quam
1078 2821 1340 2894 primum
1389 2821 1588 2895 priore
1641 2793 1899 2879 editione
1937 2838 2126 2896 paene
2163 2839 2257 2878 ex·

216 2907 437 2965 hausta
468 2926 625 2966 nova
659 2911 998 2984 pararetur,
1022 2910 1289 2968 instante
1316 2926 1425 2967 nec
1452 2912 1699 2985 propter
1735 2912 1966 2986 partem
2005 2909 2262 2968 fortasse

217 2997 637 3072 imperfectam
672 2999 869 3056 totum
906 3016 1055 3072 opus
1094 3016 1230 3057 cum
1275 2998 1633 3056 detrimento
1670 3016 1777 3057 suo
1824 2998 2047 3056 differri
2085 3017 2257 3073 opor·
2368 3038 2374 3046 -

216 3088 345 3145 tere
386 3089 688 3144 causante.
763 3085 1013 3145 Interim
1051 3090 1112 3145 et
1149 3086 1334 3146 Gaius
1373 3088 1751 3162 aliquantum
1788 3089 1997 3145 auctus
2035 3090 2096 3146 et
2131 3106 2256 3146 cor-

216 3179 419 3234 rectus
458 3174 664 3251 prodit
700 3194 809 3234 nec
846 3178 1176 3235 ceterarum
1215 3177 1498 3251 cuiquam
1536 3178 1794 3254 sylloges
1830 3179 2096 3252 partium
2131 3178 2259 3236 sive

216 3265 281 3321 in
316 3268 491 3323 textu
530 3266 657 3322 sive
695 3266 760 3323 in
798 3264 1284 3324 adnotationibus
1323 3266 1692 3324 emendatrix
1727 3283 1939 3325 manus
1976 3265 2182 3325 defuit.

349 3352 590 3412 Indices
630 3353 705 3412 ad
752 3354 1075 3413 secundam
1125 3355 1447 3413 editionem
1495 3355 1749 3414 confecti
1793 3355 2133 3431 partimque
2179 3355 2257 3414 ad

216 3445 472 3522 paginas
512 3444 641 3501 eius
678 3442 858 3502 relati
894 3446 962 3501 ut
1000 3449 1293 3519 quantum
1329 3444 1461 3502 fieri
1500 3448 1728 3520 posset,
1766 3446 1946 3503 etiam
1985 3444 2105 3517 his,
2152 3446 2259 3520 qui
2297 3458 2304 3464 ·

214 3534 460 3592 tertiam
498 3535 812 3636 usurpant,
851 3532 985 3592 usui
1023 3551 1148 3592 esse
1184 3554 1257 3592 ne
1297 3534 1649 3608 desinerent,
1687 3535 1908 3607 curavi,
1946 3536 2016 3591 ut
2052 3543 2262 3593 secun-
