2650 3917
588 175 689 229 AD
729 175 907 230 GAIV
908 175 966 229 M
1004 175 1359 230 PRAEFAT.
1396 175 1743 231 HVSGHKII
1779 176 1892 230 El).
1929 177 1970 231 1.
2176 176 2299 242 121

231 390 237 396 .
265 364 380 421 que
417 344 690 422 linguam
722 343 1011 405 Graecam
1048 363 1474 422 saepenumero
1510 347 1757 421 respicit
1794 338 1884 427 (2,
1916 347 2061 405 281.
2111 348 2170 422 3,
2203 347 2304 406 93.

263 433 1015 508 L.2.5Dloc19‚.2
1076 432 1297 509 L.30,
1361 433 1817 511 L.,233§2
1881 434 2298 511 L.236§1

263 524 334 583 D.
385 523 459 581 de
505 523 664 583 verb.
715 524 863 602 sign.
915 515 1180 604 50,16).

397 612 715 672 Praeterea
795 613 1101 692 ingenium
1178 610 1472 671 Graecum
1552 612 1781 688 prodit,
1866 613 2024 689 quod
2098 612 2305 689 Gaius,

262 703 543 804 quamvis
590 705 652 760 et
703 704 834 778 ipse
887 703 981 761 ius
1036 702 1110 760 de
1164 702 1294 760 iure
1357 701 1754 778 respondendi
1808 721 1877 760 ex
1942 703 2305 762 auctoritate

259 791 552 868 principis
596 790 672 849 ab
718 792 1080 867 imperatore
1125 793 1338 850 nactus
1387 808 1511 850 esse
1559 790 1824 850 dubitari
1866 811 1985 852 non
2032 791 2249 851 debeat
2259 786 2303 866 ¹,

261 880 571 940 doctrinae
619 898 689 939 ac
748 880 933 939 libros
990 879 1299 938 scribendo
1358 878 1543 955 quani
1597 880 1729 939 foro
1776 883 1837 939 et
1889 881 2302 957 respondendo

259 989 321 1030 se
358 971 505 1029 dare
540 970 775 1028 maluit.
866 969 939 1027 In
974 968 1148 1027 libris
1188 971 1391 1028 autem
1436 969 1762 1028 scribendis
1798 988 2015 1029 novam
2058 971 2302 1030 omnino

257 1059 423 1119 viam
468 1060 771 1136 ingressus
817 1061 924 1133 est,
970 1060 1040 1117 ut
1083 1059 1311 1133 primus
1357 1060 1555 1117 totum
1599 1058 1749 1117 iuris
1796 1058 1989 1118 civilis
2036 1078 2185 1135 opus
2223 1059 2303 1119 ad

257 1153 454 1207 artem
499 1165 808 1207 revocasse
865 1146 983 1205 dici
1028 1147 1235 1224 possit.
1327 1146 1742 1207 Divisionibus
1788 1149 1948 1207 enim
1994 1151 2063 1207 ut
2092 1148 2301 1209 bonus

256 1239 550 1316 magister
594 1228 837 1296 'omnino
882 1237 1213 1313 plurimum
1259 1235 1526 1295 tribuens
1571 1236 1670 1296 vel
1715 1238 1779 1295 in
1826 1240 1956 1297 toto
2003 1238 2302 1298 scribendi

256 1345 438 1403 opere
495 1325 881 1402 bipertitione
927 1326 1190 1402 quadam
1235 1344 1440 1385 omnes
1483 1327 1636 1385 iuris
1681 1327 1904 1402 fontes,
1962 1346 2109 1403 quos
2154 1330 2302 1388 tunc

254 1419 378 1475 iuri
426 1433 670 1492 operam
717 1416 1003 1475 daturum
1047 1416 1305 1475 maxime
1352 1433 1524 1474 nosse
1571 1416 1912 1492 oportebat,
1960 1417 2301 1493 complexus

255 1523 383 1565 esse
433 1505 926 1581 deprehenditur:
973 1522 1345 1580 quanquam,
1391 1523 1525 1562 cum
1581 1505 1872 1564 eiusmodi
1916 1506 2168 1582 partitio
2205 1510 2298 1567 to·

253 1598 386 1653 tum
447 1593 601 1653 illud
667 1612 881 1653 aevum
944 1597 1127 1653 tacite
1200 1596 1460 1671 regeret,
1534 1596 1717 1652 etiam
1781 1597 1974 1673 magis
2038 1595 2171 1671 ipsa
2233 1616 2300 1656 re

257 1703 441 1758 quam
487 1683 736 1743 consilio
777 1683 842 1741 in
888 1700 1020 1742 eam
1067 1683 1330 1742 incidere
1375 1683 1592 1758 potuit.
1683 1683 1897 1759 Itaque
1945 1685 2186 1760 scripsit
2223 1685 2299 1743 ad

254 1774 419 1851 leges
464 1771 585 1831 XII
627 1771 988 1847 tabularum,
1033 1773 1253 1831 veteris
1301 1772 1467 1846 iuriS,
1515 1774 1574 1830 et
1620 1771 1697 1831 ad
1742 1772 1937 1850 legem
1973 1772 2194 1833 Iuliam
2240 1777 2302 1834 et

253 1862 538 1939 Papiam,
584 1861 728 1921 novi
771 1862 921 1921 iuris
977 1862 1172 1921 civilis
1228 1861 1612 1938 potissimum
1668 1863 1911 1920 fontem.
2004 1864 2299 1940 Interpre·
2322 1874 2336 1885 '

253 1954 421 2010 tatus
469 1952 619 2010 item
665 1954 757 2010 est
802 1950 1066 2011 edictum
1110 1954 1449 2026 utrumque,
1496 1949 1559 2008 id
1606 1954 1696 2011 est
1740 1951 2012 2011 urbicum
2058 1955 2120 2011 et
2163 1972 2299 2028 pro-

253 2041 545 2100 vinciale:
590 2040 704 2100 hac
738 2043 912 2116 parte
950 2042 1134 2100 etiam
1177 2040 1495 2116 propalam
1530 2039 1871 2100 Labeonem
1905 2060 2016 2116 pro
2063 2044 2300 2101 mutata

251 2150 455 2189 rerum
503 2130 849 2189 condicione
895 2131 1187 2204 imitatus,
1235 2130 1341 2205 qui
1379 2129 1454 2188 ad
1502 2129 1697 2188 edicta
1741 2132 2038 2206 praetoris
2083 2131 2301 2189 urbani

254 2224 316 2279 et
358 2221 670 2297 peregrini
716 2222 1010 2295 separatis
1056 2218 1227 2278 libris
1274 2219 1595 2295 scripserat
1643 2211 1737 2299 (L.
1782 2221 1861 2277 19
1912 2220 1981 2278 D.
2020 2220 2093 2279 de
2135 2220 2297 2279 verb.

250 2309 454 2387 signif.
506 2312 610 2380 50,
644 2309 742 2368 16.
808 2308 875 2367 L.
928 2313 963 2370 9
1012 2307 1051 2384 ἓ
1091 2311 1130 2366 4
1178 2307 1251 2366 D.
1299 2307 1373 2368 de
1420 2308 1536 2367 dol.
1584 2309 1723 2367 mal.
1773 2311 1833 2381 4,
1863 2300 1949 2390 3).
2024 2309 2297 2385 Denique

250 2398 346 2457 ius
392 2399 588 2474 civile,
636 2397 798 2474 quod
844 2417 917 2457 ex
961 2399 1260 2474 responsis
1299 2397 1685 2498 prudentium
1740 2397 2018 2475 fluxerat,
2072 2401 2297 2475 partim

251 2487 548 2548 traditum
592 2486 764 2546 libris
812 2506 883 2546 ex
931 2486 998 2556 Q.
1036 2487 1232 2546 Mucio
1246 2480 1270 2518 ²
1313 2487 1510 2561 factis,
1558 2487 1661 2562 qui
1704 2489 1934 2563 primus
1978 2490 2072 2547 ius
2121 2488 2298 2547 civile

252 2579 656 2637 constituerat
701 2566 795 2658 (L.
839 2579 876 2635 2
926 2575 965 2652 ἓ
1004 2578 1084 2635 41
1144 2576 1217 2635 D.
1266 2576 1340 2636 de
1386 2578 1533 2653 orig.
1581 2576 1691 2634 iur.
1736 2580 1792 2650 1,
1825 2569 1892 2643 2)
1951 2576 2296 2653 additoque,

249 2671 319 2725 ut
354 2667 462 2726 ille
511 2665 635 2726 alio
681 2667 921 2724 tantum
967 2667 1205 2724 nomine
1254 2657 1471 2746 (ὅρων)
1518 2665 1760 2740 fecerat,
1801 2665 1957 2725 libro
2006 2665 2297 2744 singulari

248 2829 330 2836 —-
357 2830 482 2835 Ἡ.-,ι

393 2926 449 2994 1)
487 2922 640 2978 Nam
694 2923 1056 2995 Digestorum
1121 2925 1525 2994 compositores
1581 2941 1646 2978 eo
1710 2925 1799 2978 usi
1865 2926 2021 2993 sunt,
2088 2923 2296 2992 quibus

246 2994 601 3049 Iustinianus
656 2995 1056 3065 imperaverat,
1111 2999 1179 3050 ut
1223 3011 1318 3050 eos
1374 2999 1598 3050 tantum
1654 2995 2006 3064 adhiberent,
2067 2995 2295 3065 ‘quibus

247 3065 652 3121 auctoritatem
735 3064 1274 3149 ‘conscribendarum
1355 3068 2022 3137 interpretandarumque
2104 3067 2297 3138 legum

246 3136 624 3193 sacratissimi
662 3135 945 3220 principes
982 3137 1420 3207 praebuissent’.
1731 3138 1886 3202 Non
1932 3140 2000 3192 ut
2043 3138 2201 3192 illius
2239 3141 2297 3192 et

245 3208 539 3278 sequentis
581 3207 707 3262 aevi
735 3208 841 3262 viri
876 3207 1191 3278 πρακτικοί,
1231 3210 1305 3264 ad
1336 3209 1624 3277 Sabinum,
1640 3145 2009 3279 Qastidientffi
2045 3213 2111 3264 ut
2174 3213 2294 3279 uto,

245 3278 352 3336 Gai
410 3279 583 3365 genio
643 3279 1049 3335 ‘delei-amenta
1102 3281 1452 3336 Masuriana'
1511 3281 1721 3351 (Fr0nt.
1761 3298 1848 3351 ep.
1897 3282 1973 3335 ad
2023 3281 2096 3335 M.
2181 3298 2293 3336 aes.

245 3358 294 3421 2,
325 3355 382 3422 1)
420 3370 459 3406 1.
490 3368 538 3406 e
580 3366 812 3405 casuum
851 3368 1019 3422 super
1055 3368 1218 3407 casus
1267 3353 1774 3420 coacervationem,
1821 3351 1980 3406 nulla
2017 3353 2293 3407 naturalis

241 3441 430 3479 rerum
470 3422 688 3478 ordinis
713 3423 936 3478 ratione
964 3423 1180 3484 habita.
1210 3425 1363 3494 quod
1391 3441 1567 3493 genus
1606 3422 1889 3480 scribendi
1927 3423 2125 3478 Sabini
2160 3424 2295 3478 libri

240 3495 382 3550 iuris
422 3494 610 3550 civilis
648 3494 998 3550 desiderasse
1026 3495 1303 3550 videntur.
1379 3494 1521 3549 Nam
1554 3495 1727 3550 Gaius
1757 3496 1948 3550 omnia
1975 3496 2048 3549 ad
2084 3511 2294 3564 genera

241 3583 346 3621 sua
383 3582 649 3621 revocare
687 3565 955 3636 malebat,
991 3569 1057 3620 ut
1093 3565 1155 3632 Q.
1195 3567 1416 3622 Mucius
1452 3567 1680 3622 fecerat.
