2650 3917
386 130 511 193 114
713 128 815 182 AD
855 128 1091 183 GAIVM
1127 127 1481 183 PRAEFAT.
1518 127 1866 183 HVSCHKII
1899 127 2015 182 ΕΙ).
2053 129 2093 182 Ι.

374 299 529 372 ficis,
558 317 811 374 quorum
837 300 1067 373 primus
1080 297 1403 357 Diomedes
1434 291 1614 376 [saec.
1632 294 1745 373 IV]
1778 289 1896 377 (ed.
1917 296 2156 356 Putsch.
2183 317 2241 374 p.
2267 299 2417 357 375.

375 387 530 447 Keil.
567 387 600 446 Ι
644 407 701 463 p.
742 379 929 468 379),
984 388 1036 446 si
1089 386 1267 446 modo
1316 385 1476 462 quod
1527 385 1820 444 traditum
1864 386 1953 445 ibi
1998 389 2091 446 est
2134 388 2201 445 in
2244 386 2420 446 libris

376 495 516 536 mss.
566 471 866 535 ‘Gauium'
917 476 993 535 ad
1040 474 1259 535 Gaium
1302 478 1463 535 recte
1506 476 1785 550 refertur,
1831 478 1893 534 et
1937 476 2119 552 paulo
2168 477 2422 536 inferior

374 565 610 626 saeculo
656 565 780 623 fere
824 566 1069 624 ineunte
1117 566 1331 640 quinto
1380 563 1623 624 Servius
1668 564 2014 624 Honoratus
2063 564 2138 624 ad
2183 564 2416 643 Vergil.

376 653 586 732 Georg.
636 656 696 729 3,
736 656 862 714 306
932 652 1152 712 Gaium
1214 656 1575 713 memorant:
1641 672 1844 712 omnes
1906 672 2048 713 vero
2111 654 2224 713 hoc
2290 657 2420 714 sine

378 745 561 803 dubio
610 764 646 803 a
703 743 1144 802 iurisconsultis
1189 743 1287 802 vel
1332 762 1368 800 a
1414 741 1528 801 Grai
1572 742 1862 801 librorum
1906 734 2124 817 titulis,
2169 743 2235 801 in
2280 747 2418 819 qui-

373 834 483 894 bus
531 833 755 891 dudum
801 852 985 890 unum
1030 832 1142 891 hoc
1186 850 1421 905 nomen,
1466 834 1537 890 ut
1576 833 1639 889 in
1686 831 1858 890 libris
1901 832 2236 893 tritissimis
2282 833 2417 892 fieri

377 924 547 996 solet,
592 921 774 981 scribi
811 922 1102 995 sueverat,
1137 923 1402 979 mutuati
1430 923 1589 980 sunt.
1679 920 1751 979 Id
1787 922 1984 997 ipsum
2012 930 2174 996 vero,
2205 941 2418 998 quam-

376 1014 467 1072 vis
514 1011 699 1070 etiam
743 1012 807 1068 in
853 1029 1071 1069 nomen
1115 1009 1333 1068 abierit
1390 1002 1641 1090 (Osann.
1690 1008 1767 1069 ad
1811 1009 2098 1086 Pompon.
2146 1032 2203 1088 p.
2241 1004 2418 1091 XIX)

379 1105 439 1160 et
483 1103 549 1158 in
594 1117 922 1177 cognomen
967 1091 1116 1179 (vid.
1161 1099 1386 1159 indices
1434 1097 1606 1174 Corp.
1652 1100 1921 1176 inscript.
1967 1092 2159 1181 Lat),
2206 1101 2422 1177 pleris-

377 1209 490 1265 que
535 1191 738 1248 tamen
784 1191 846 1248 et
889 1192 1040 1264 puto
1094 1190 1252 1247 recte
1309 1188 1434 1247 eius
1492 1188 1755 1247 creditur
1816 1202 2195 1264 praenomen,
2260 1192 2423 1249 sicut

376 1278 570 1338 Servii
622 1278 778 1337 alius
823 1276 972 1352 leti,
1033 1278 1385 1354 plerumque
1440 1278 1525 1336 sic
1587 1280 1828 1336 tantum
1891 1281 2204 1352 nominati,
2270 1279 2418 1354 Titi,

376 1369 565 1427 Marci
626 1369 1084 1443 imperatorum:
1139 1385 1326 1443 eoque
1380 1367 1634 1426 fortasse
1690 1367 1817 1426 solo
1884 1366 2253 1444 significatus
2309 1372 2423 1442 est,

381 1457 544 1534 quod
587 1475 804 1516 nomen
842 1459 904 1514 et
948 1472 1277 1533 cognomen
1315 1454 1371 1513 ei
1409 1458 1538 1514 erat
1575 1473 1711 1514 cum
1749 1456 1888 1529 alio,
1932 1458 2228 1515 nescimus
2278 1476 2422 1534 quo,

377 1546 521 1605 IOto
582 1564 891 1605 commune
954 1547 1025 1603 ut
1089 1544 1162 1604 ab
1226 1543 1338 1603 hoc
1410 1544 1850 1621 simplicissime
1894 1545 2423 1627 distingueretur:

381 1654 729 1712 quanquam
773 1653 932 1693 nunc
980 1633 1173 1693 Guido
1218 1633 1540 1693 Padelletti
1586 1625 1729 1715 (Del
1764 1653 1939 1693 nome
1975 1634 2038 1692 di
2066 1633 2216 1695 Graio
2244 1635 2419 1695 Rom.

381 1717 581 1804 1874)
629 1743 846 1783 nomen
886 1723 950 1782 id
996 1723 1388 1800 gentilicium,
1436 1723 1593 1782 alius
1629 1723 1828 1782 Italus
1863 1718 2085 1802 (Felice
2123 1722 2423 1785 Cattaneo

376 1814 491 1873 Del
535 1833 709 1873 nome
757 1812 820 1872 di
867 1812 1045 1888 Graio,
1104 1815 1250 1871 nota
1303 1812 1458 1871 letta
1512 1811 1572 1869 al
1627 1813 1696 1870 R.
1743 1812 1898 1871 Istit.
1953 1812 2160 1871 Lomb.
2213 1807 2421 1893 1881)

379 1922 706 1981 cognomen
750 1902 935 1961 fuisse
979 1901 1119 1960 huic
1165 1900 1327 1975 Icto,
1376 1903 1745 1979 argumentis
1789 1921 1898 1960 nec
1945 1905 2145 1961 tamen
2200 1903 2422 1979 proba·

374 1991 687 2051 bilioribus
752 1990 1191 2050 adstruxerunt.
1284 1988 1459 2049 Certe
1507 1991 1631 2048 Titi
1689 2009 2078 2067 praenomen,
2144 1992 2306 2067 quod
2355 1993 2421 2051 in

375 2102 495 2141 uno
544 2082 808 2140 alterove
855 2082 1152 2156 epitomae
1189 2078 1599 2155 Visigothicae
1645 2079 1845 2139 codice
1890 2079 2040 2139 Graio
2087 2084 2425 2159 praescrip-

377 2175 512 2230 tum
558 2171 782 2248 legitur
846 2169 1099 2246 indeque
1154 2188 1365 2227 verum
1422 2168 1549 2228 eius
1612 2187 1973 2245 praenomen
2037 2169 2223 2229 fuisse
2285 2174 2423 2246 qui-

376 2261 627 2320 busdam
688 2261 885 2318 visum
950 2262 1067 2333 est,
1130 2259 1269 2333 post
1331 2258 1553 2318 multos
1619 2257 1694 2316 ab
1757 2257 2047 2318 Haenelio
2112 2258 2423 2336 inspectos

378 2350 606 2410 codices
671 2347 1012 2424 corruptela
1065 2349 1228 2407 vocis
1292 2348 1446 2405 titul-2:
1486 2348 1792 2425 apparuit
1856 2339 1957 2427 (cf.
2002 2347 2250 2407 Haenel.
2298 2348 2427 2408 Lex

379 2440 547 2498 Rom.
585 2439 711 2497 Vis.
750 2457 807 2513 p.
847 2435 1028 2514 XLV,
1075 2439 1195 2494 not.
1239 2436 1340 2509 16,
1377 2456 1434 2512 p.
1468 2430 1641 2517 314).
1734 2435 1824 2494 De
1873 2440 2069 2496 aetate
2130 2435 2246 2496 Gai
2306 2438 2426 2498 hoc

377 2531 613 2588 tantum
659 2528 1028 2602 compertum
1066 2526 1174 2599 est,
1220 2524 1382 2600 quod
1429 2524 1538 2584 sub
1584 2525 2046 2600 imperatoribus
2082 2525 2422 2603 Hadriane,

376 2617 681 2677 Antonino
728 2615 836 2674 Pio
894 2617 955 2673 et
999 2614 1077 2672 M.
1121 2613 1368 2672 Aurelio
1415 2613 1722 2672 Antonino
1767 2615 1957 2673 vitam
2005 2634 2175 2674 suam
2221 2619 2423 2676 trans-

377 2710 517 2786 egit.
607 2706 766 2764 Nam
812 2703 973 2779 quod
1015 2703 1313 2761 Hadriani
1376 2703 1744 2778 temporibus
1805 2703 2130 2779 acciderat,
2178 2705 2240 2764 id
2286 2706 2421 2782 ipse

379 2816 488 2857 sua
552 2797 752 2855 aetate
808 2793 1036 2852 factum
1091 2810 1216 2850 esse
1261 2795 1472 2851 narrat
1514 2791 1580 2851 L.
1625 2796 1658 2852 7
1690 2812 1777 2868 pr.
1871 2793 1943 2851 D.
1992 2793 2064 2853 de
2108 2794 2230 2852 reb.
2279 2795 2424 2854 dub.

381 2880 516 2968 (34,
548 2876 634 2966 5).
726 2882 1185 2941 Institutionum
1241 2883 1734 2940 commentarium
1780 2883 2041 2957 primum
2088 2886 2148 2941 et
2192 2886 2422 2959 partim

375 2974 696 3035 secundum
739 2973 1072 3047 imperante
1109 2970 1418 3029 Antonino
1456 2969 1565 3029 Pio
1604 2989 1739 3029 eum
1781 2973 2090 3047 scripsisse
2136 2973 2429 3049 plerique

378 3064 518 3124 inde
554 3064 714 3122 recte
762 3060 1054 3138 colligunt
1070 3052 1109 3134 ¹,
1149 3058 1307 3135 quod
1345 3061 1688 3119 constanter
1721 3060 1810 3119 ibi
1838 3052 1928 3142 (1,
1961 3062 2072 3137 533
2116 3064 2227 3137 743
2271 3065 2426 3124 102.

376 3232 447 3315 D.
492 3230 562 3285 de
609 3229 740 3299 stip.
780 3245 916 3282 serv.
956 3231 1064 3297 (45,
1095 3230 1165 3297 3),
1222 3228 1294 3282 ad
1351 3228 1500 3283 hunc
1553 3228 1880 3285 referendus
1937 3230 2030 3299 sit,
2087 3230 2432 3303 ambigitur.

378 3303 507 3357 Vld·
522 3302 1172 3442 Ιξῇὲξοίῃῖῑὲιιιροτίωε
1201 3371 1378 3425 etiam
1405 3369 1650 3440 primum
1679 3388 1877 3426 comm.
1908 3372 2167 3444 assignat
2195 3373 2435 3432 Puchta

374 3446 511 3500 Inst.
547 3445 575 3499 Ι
630 3450 661 3511 5
700 3448 796 3511 99,
848 3445 964 3497 not.
1002 3441 1079 3495 bb
1136 3445 1193 3496 et
1245 3442 1569 3512 nuperrime
1623 3443 1693 3498 H.
1732 3443 1801 3498 H.
1840 3444 2086 3514 Fiffing,
2144 3444 2312 3502 Alter
2373 3450 2440 3506 d.

380 3516 665 3572 Schriften
702 3516 757 3568 d.
795 3514 954 3568 Rom.
992 3513 1243 3568 Juristen
1279 3532 1335 3584 p.
1367 3519 1452 3570 21.
