2650 3917
807 157 935 213 GAI
966 157 1224 213 INSTIT.
1261 159 1313 213 Π
1353 163 1653 212 102—104.
2119 157 2248 222 217

214 325 417 405 erant,
464 325 576 386 aut
621 320 688 386 in
735 322 1097 406 procinctu,
1143 321 1212 386 id
1257 326 1372 405 est,
1420 344 1566 386 cum
1621 321 1778 386 belli
1834 344 2023 388 causa
2078 345 2254 387 arma
2328 376 2334 381 .

215 409 581 475 sumebant:
641 410 1015 495 procinctus
1077 414 1175 475 est
1234 411 1405 475 enim
1468 411 1804 496 expeditus
1853 417 1917 477 et
1967 415 2251 476 armatus

215 501 552 565 exercitus,
644 502 919 565 alterum
954 501 1175 584 itaque
1210 500 1278 564 in
1316 522 1473 585 pace
1513 505 1577 565 et
1612 502 1681 565 in
1729 501 1862 574 otio
1908 500 2252 584 faciebant,

219 588 492 653 alterum
529 590 598 654 in
643 589 964 674 proelium
1011 589 1265 654 exituri.
1357 590 1484 655 102.
1530 588 1826 656 Accessit
1864 589 2091 654 deinde
2127 594 2251 654 ter-

215 678 382 743 tium
415 675 424 766 Ι
455 700 660 764 genus
697 679 1085 762 testamenti,
1123 679 1297 763 quod
1338 701 1454 762 per
1490 701 1596 743 aes
1634 683 1699 743 et
1739 678 1971 744 libram
2010 679 2250 765 agitur:

218 768 331 851 qui
391 767 593 834 eniml
637 789 845 851 neque
902 767 1124 832 calatis
1181 768 1464 834 comitiis
1518 790 1727 851 neque
1781 769 1852 831 in
1914 768 2252 852 procinctu

215 860 677 922 testamentum
735 857 999 942 fecerat,
1057 858 1140 940 is,
1196 858 1253 921 si
1308 858 1523 922 subita
1576 862 1784 921 morte
1837 856 2252 943 urguebatur,

216 945 426 1011 amico
475 944 789 1011 familiam
837 969 1036 1030 suam,
1074 946 1138 1010 id
1178 950 1276 1011 est
1320 947 1781 1031 patrimonium
1825 968 2031 1030 suum,
2077 969 2249 1011 man-

218 1036 389 1120 cipio
429 1034 623 1100 dabat
661 1057 936 1120 eumque
980 1035 1271 1122 rogabat,
1318 1036 1742 1120 quidcuique
1779 1039 1931 1120 post
1979 1040 2252 1101 mortem

217 1146 401 1190 suam
449 1124 586 1189 dari
631 1123 882 1190 uellet.²
974 1126 1147 1210 quod
1193 1128 1653 1190 testamentum
1701 1124 1939 1189 dicitur
1982 1147 2099 1210 per
2145 1147 2254 1190 aes

217 1219 283 1278 et
326 1213 589 1296 libram,
638 1213 882 1280 scilicet
938 1215 1090 1297 quia
1134 1235 1250 1299 per
1307 1215 1850 1299 mancipationem
1905 1213 2254 1300 peragitur.

216 1303 342 1367 103.
403 1301 528 1368 Sed
592 1303 706 1368 illa
769 1301 1028 1387 quidem
1093 1303 1219 1369 duo
1286 1326 1522 1390 genera
1589 1308 2120 1369 testamentorum
2184 1305 2256 1368 in

218 1392 708 1457 desuetudinem
755 1393 1077 1477 abierunt3
1122 1393 1248 1457 hoc
1292 1415 1446 1457 uero
1496 1395 1726 1476 solum,
1774 1393 1947 1477 quod
1992 1415 2109 1478 per
2146 1415 2255 1457 aes

217 1486 283 1545 et
327 1481 560 1546 libram
608 1482 712 1564 fit,
760 1482 827 1546 in
872 1505 995 1546 usu
1039 1485 1366 1548 retentum
1421 1486 1535 1547 est.
1628 1504 1779 1547 sane
1838 1504 2010 1546 nunc
2065 1482 2258 1547 aliter

217 1571 580 1653 ordinatur,
627 1593 819 1655 quam
869 1571 1026 1636 olim
1081 1571 1358 1656 solebat3
1411 1593 1692 1656 namque
1758 1572 1914 1635 olim
1969 1571 2257 1636 familiae

215 1664 495 1743 emptor,
557 1660 625 1724 id
684 1664 808 1743 est,
874 1661 984 1744 qui
1051 1683 1089 1725 a
1151 1663 1461 1725 testatore
1524 1661 1837 1726 familiam
1901 1662 2257 1745 accipiebat

214 1749 559 1834 mancipiO,
615 1749 871 1814 heredis
929 1748 1145 1814 locum
1205 1749 1558 1834 optinebat,
1620 1753 1683 1813 et
1731 1751 1814 1815 ob
1861 1750 1929 1813 id
1974 1751 2033 1813 ei
2079 1772 2256 1814 man-

216 1838 411 1902 dabat
457 1841 755 1924 testator,
816 1838 973 1922 quid
1032 1839 1263 1923 cuique
1322 1842 1473 1923 post
1531 1842 1807 1903 mortem
1870 1860 2050 1903 suam
2116 1838 2256 1903 dari

215 1928 443 2014 ueUet3
489 1949 662 1992 nunc
705 1950 861 1993 uero
910 1927 1075 1993 alius
1120 1928 1306 1993 heres
1352 1932 1739 1993 testamento
1787 1927 2169 2010 instituitur,
2217 1950 2258 1991 a

218 2038 346 2101 quo
422 2018 617 2082 etiam
690 2018 905 2103 legata
977 2014 1495 2102 relinquuntur3,
1569 2016 1735 2083 alius
1808 2016 1969 2081 dicis
2044 2016 2258 2102 gratia

216 2195 500 2260 hibetur.
608 2196 737 2260 104.
784 2195 1010 2279 anue
1064 2218 1169 2262 res
1233 2197 1326 2261 ita
1385 2196 1624 2280 agitur:
1687 2196 1799 2279 qui
1857 2195 2015 2259 facit
2074 2201 2257 2260 testa-

218 2290 521 2363 mentum,
586 2284 924 2368 adhibitis,
990 2286 1156 2350 sicut
1219 2286 1289 2349 in
1353 2285 1580 2350 ceteris
1649 2284 2256 2368 mancipationibus,

214 2391 261 2436 v
316 2374 595 2439 testibus
660 2373 911 2438 ciuibus
970 2373 1281 2440 Romanis
1343 2374 1698 2459 puberibus
1754 2378 1818 2438 et
1879 2375 2256 2458 libripende,

2291 694 2362 742 78

215 2465 566 2547 postquam
603 2463 858 2528 tabulas
894 2467 1263 2529 testamenti
1300 2464 1649 2548 scripserit,
1695 2464 2023 2548 mancipat
2059 2463 2255 2529 alicui
2346 2519 2350 2524 .

216 2551 378 2616 dicis
416 2554 626 2638 gratia
670 2552 985 2617 familiam
1026 2575 1234 2639 suam3
1280 2554 1349 2617 in
1389 2575 1516 2637 qua
1551 2576 1620 2618 re
1658 2553 1759 2616 his
1806 2553 2023 2618 uerbis
2069 2552 2257 2616 fami-

213 2641 339 2705 liae
415 2645 669 2725 emptor
739 2641 973 2710 utitur:
1047 2660 1394 2705 FAMILIAM
1475 2658 1975 2719 PECVNIAMQVE
2062 2659 2253 2705 TVAM

213 2746 410 2795 ENDO
459 2748 896 2795 MANDATELA
944 2729 1120 2795 TVA4
1159 2748 1715 2808 cvsToDELAQVE
1763 2749 1910 2794 MEA
1947 2755 2095 2794 ESSE
2137 2756 2256 2814 Azo,

362 2944 414 3012 1)
453 2943 582 2997 add.
615 2943 735 2997 Hu.
848 2944 901 3012 2)
941 2941 1066 2995 dari
1100 2940 1280 2996 uellet
1343 2942 1473 2996 dare
1510 2942 1755 2997 uelletur
1791 2942 1858 2997 V.
1970 2944 2023 3010 3)
2060 2940 2257 3010 legata

210 3013 632 3085 relinquuntur]
670 3013 863 3084 legato
900 3013 1253 3081 reliquantur
1347 3055 1358 3067 .
1494 3017 1549 3084 4)
1587 3016 1746 3068 tuam
1782 3012 1850 3069 V.
1906 3011 2091 3068 tutela
2128 3015 2249 3068 Hu.

357 3198 388 3258 g
430 3197 549 3245 104.
606 3193 675 3258 ef.
723 3190 848 3262 Uip.
888 3197 974 3259 20,
1004 3198 1062 3259 23
1093 3198 1141 3246 9.
1200 3193 1276 3247 D.
1315 3197 1402 3260 28,
1434 3199 1481 3259 1,
1513 3198 1599 3261 20,
1629 3197 1661 3246 8
1691 3193 1846 3262 (Uzp.
1876 3193 2054 3261 2430).
2111 3191 2256 3247 Nov.

220 3265 421 3318 Theod.
478 3264 561 3317 II.
621 3269 705 3331 16,
739 3270 786 3317 1.
868 3265 1009 3319 Isid.
1065 3267 1201 3335 oriy.
1259 3270 1309 3329 5,
1349 3270 1436 3331 24,
1477 3271 1559 3318 12.
1657 3265 1888 3336 Quintil.
1944 3262 2075 3317 decl.
2134 3267 2256 3317 308.

218 3336 356 3390 Gen.
390 3340 473 3399 15,
506 3341 589 3402 13,
623 3341 685 3389 11
719 3337 935 3406 (Brwns
961 3335 1028 3403 1⁶,
1051 3339 1157 3405 33).
1196 3336 1342 3391 Suet.
1375 3338 1506 3391 Ner.
1535 3343 1586 3390 4.
1625 3336 1795 3405 Apul.
1827 3338 2057 3391 Metam.
2088 3340 2137 3400 2,
2168 3341 2256 3389 24.

217 3406 376 3462 olem.
409 3409 567 3462 Alex.
597 3407 793 3462 Strom.
832 3412 882 3474 8,
913 3412 962 3461 8.
1001 3408 1182 3464 BGU
1201 3412 1322 3462 326.
1379 3407 1438 3460 111
1477 3408 1677 3461 ceteris
1714 3406 2255 3480 mancipationibus]

215 3480 284 3545 cf.
320 3495 499 3547 supra
538 3484 587 3547 1,
619 3484 735 3533 119.
813 3497 1093 3533 sncvsnvu
1148 3498 1330 3533 monn
1382 3480 1673 3550 Pvnucnu]
1727 3480 1799 3545 cf.
1856 3480 2013 3545 infra
2052 3483 2102 3546 3,
2133 3484 2256 3533 174.

211 3567 322 3604 noc
357 3550 522 3622 ΑΕΒΕ]
561 3552 631 3619 cf.
669 3551 747 3605 D.
787 3555 875 3618 50,
907 3556 992 3617 16,
1025 3556 1125 3605 159
1165 3551 1319 3621 (Ulp.
1361 3554 1538 3620 2429).
