2650 3917
199 1120 304 1171 214

342 142 474 207 358
948 142 1086 213 ‚GAJ
1120 142 1378 197 INSTIT.
1415 143 1494 197 IV
1530 149 1758 213 69—71..

476 307 571 372 69.
619 305 783 383 Quia
837 311 1054 371 tamen
1108 307 1404 391 superius
1458 307 1852 372 mentionem
1906 306 2254 372 habuimus
2301 306 2383 370 de

340 396 621 481 actione,
673 418 801 480 qua
844 395 914 459 in
958 396 1282 481 peculium
1338 396 1623 461 filiorum
1680 396 1960 461 familias
2016 416 2382 460 seruorum-

343 507 468 569 que
514 485 733 571 agitur
743 486 786 570 ¹,
833 507 995 569 opus
1042 489 1160 570 est,
1204 489 1280 549 ut
1318 484 1397 549 de
1443 486 1566 550 hac
1610 485 1866 550 actione
1903 488 1970 550 et
2006 484 2086 548 de
2131 485 2382 567 ceteris,

343 597 507 659 quae
577 574 923 640 eorundem
983 575 1244 641 nomine
1308 574 1379 639 in
1437 577 1736 658 parentes
1797 574 2176 639 dominosue
2242 574 2382 639 dari

340 665 570 747 solent,
618 663 1008 748 diligentius·
1048 665 1523 729 admoneamus.
1616 662 1708 727 70.
1754 661 1831 729 In
1878 664 2106 748 primis
2160 663 2382 747 itaque

340 753 396 817 si
440 755 621 821 iussu
666 755 871 838 patris
919 754 1244 821 dominiue
1290 754 1626 839 negotium
1671 757 1931 839 gestum
1977 752 2119 835 erit,
2164 752 2235 816 in
2281 773 2382 817 so-

338 841 544 907 lidum
601 847 861 927 praetor
918 844 1240 909 actionem
1309 842 1376 906 in
1441 845 1690 927 patrem
1755 841 2170 906 dominumue
2231 863 2380 918 con·

339 933 613 1016 parauit,
660 936 725 996 et
769 934 968 1016 recte,
1024 932 1176 1016 quia
1222 933 1336 1016 qui
1381 930 1474 996 ita
1527 931 1864 1032 negotium
1919 932 2114 1018 gerit,
2170 931 2379 1017 magis

338 1022 544 1106 patris
619 1020 944 1087 dominiue
1018 1044 1213 1106 quam
1259 1020 1405 1085 filii
1478 1021 1730 1085 semiue
1802 1021 1996 1085 fidem
2071 1020 2378 1105 sequitur.

342 1110 427 1176 71.
482 1109 729 1175 Eadem
802 1110 1053 1176 ratione
1101 1112 1111 1195 Ι
1161 1111 1563 1194 comparauit
1626 1108 1786 1173 duas
1851 1110 2010 1174 alias
2057 1110 2380 1195 actiones,

278 1268 285 1276 ,
342 1200 789 1264 exercitoriam
846 1203 912 1264 et
974 1199 1385 1264 institoriam.
1398 1197 1424 1236 ²
1512 1202 1672 1264 tunc
1726 1203 1942 1264 autem
1998 1198 2381 1266 exercitoria

340 1288 557 1354 locum
603 1288 827 1371 habet,
882 1310 1029 1354 cum
1074 1292 1259 1374 pater
1319 1288 1702 1352 dominusne
1766 1288 1975 1353 filium
2040 1310 2380 1353 seruumue

339 1379 724 1464 magistrum
768 1378 921 1442 naui
935 1376 959 1414 3
997 1379 1451 1463 praeposuerit
1497 1382 1563 1442 et
1608 1378 1765 1461 quid
1811 1399 1959 1442 cum
1997 1399 2072 1442 eo
2111 1376 2250 1441 eius
2285 1378 2380 1442 rei

341 1467 577 1552 gratia,
623 1467 728 1531 cui
782 1466 1189 1552 praepositus
1239 1466 1422 1552 fuit4,
1478 1466 1871 1552 [negotium]
1927 1471 2182 1553 gestum
2239 1467 2378 1532 erit.

341 1578 489 1622 cum
536 1556 706 1622 enim
746 1578 821 1621 ea
867 1579 1124 1641 quoque
1168 1578 1268 1620 res
1306 1578 1388 1620 ex
1431 1557 1769 1621 uoluntate
1807 1556 2014 1640 patris
2052 1556 2381 1621 dominiue

340 1645 637 1710 contrahi
681 1644 996 1729 uideatur,
1041 1645 1502 1730 aequissimum
1548 1666 1688 1709 esse
1731 1646 1949 1710 uisum
1988 1650 2085 1712 est
2121 1645 2193 1710 in
2229 1646 2379 1709 soli-

341 1733 496 1799 dum
531 1737 604 1800 in
640 1756 781 1801 cum
818 1735 1132 1801 actionem
1168 1734 1335 1819 dari;
1382 1736 1540 1819 quin
1578 1736 1775 1800 etiam
1811 1735 1964 1800 licet
2001 1739 2376 1800 extraneum

342 1822 525 1908 quis⁵
571 1826 953 1910 magistrum
997 1822 1187 1889 naui²³
1232 1824 1704 1909 praeposuerit,
1751 1824 1889 1888 siue
1936 1846 2195 1889 seruum
2241 1826 2379 1889 siue

330 1912 634 1999 liberum,
699 1917 913 1978 tamen
970 1936 1046 1979 ea
1107 1915 1430 1998 praetoria
1492 1913 1661 1977 actio
1727 1913 1796 1977 in
1860 1936 2009 1978 eum
2072 1913 2379 1978 redditur.

340 2003 485 2068 ideo
532 2007 750 2067 autem
795 2004 1174 2068 exercitoria
1216 2002 1388 2069 actio
1435 2002 1815 2087 appellatur,
1863 2003 2016 2087 quia
2061 2004 2381 2068 exercitor

338 2095 613 2157 uocatur
657 2093 741 2176 is,
797 2093 879 2157 ad
925 2114 1116 2176 quem
1181 2092 1573 2157 cottidianus
1638 2094 1820 2157 nauis
1887 2096 2190 2177 quaestus
2237 2114 2380 2177 per-

338 2180 536 2246 uenit.
628 2180 994 2246 institoria⁶
1029 2203 1183 2248 uero
1222 2182 1495 2248 formula
1531 2185 1670 2245 tum
1704 2182 1920 2246 locum
1968 2181 2184 2265 habet,
2230 2202 2381 2246 cum

341 2270 488 2354 quis
533 2270 836 2335 tabernae
874 2273 987 2334 aut
1023 2271 1289 2335 cuilibet
1324 2270 1756 2353 negotiationi
1791 2270 2001 2335 filium
2037 2293 2381 2347 seruumue

340 2363 453 2424 aut
510 2359 863 2443 quemlibet
923 2364 1316 2442 extraneum,
1378 2362 1515 2425 siue
1577 2381 1834 2425 seruum
1890 2360 2028 2424 siue
2086 2359 2382 2444 liberum,

338 2448 783 2533 praeposuerit
829 2453 892 2512 et
944 2448 1100 2533 quid
1146 2470 1293 2515 cum
1340 2471 1415 2514 eo
1459 2448 1597 2513 eius
1634 2450 1726 2513 rei
1774 2449 2001 2534 gratia,
2048 2449 2152 2513 cui
2198 2471 2381 2533 prae-

337 2537 593 2622 positus
639 2543 757 2620 est,
802 2542 1205 2618 contractum
1251 2538 1464 2603 fuerit.
1558 2538 1700 2603 ideo
1750 2541 1966 2603 autem
2012 2537 2381 2603 institoria⁶

275 2636 280 2649 ’
337 2632 609 2692 uocatur
620 2624 661 2711 ⁷,
700 2628 851 2712 quia
880 2627 992 2711 qui
1031 2627 1334 2692 tabernae
1371 2629 1809 2711 praeponitur,
1839 2625 2134 2692 institor⁸
2163 2629 2382 2712 appel-

486 2875 537 2944 1)
559 2873 750 2946 agitur
766 2876 907 2930 Imt.
928 2877 1132 2945 agatur
1148 2874 1217 2929 V.
1343 2876 1397 2944 2)
1416 2873 1823 2928 institutoriam
1841 2873 1908 2928 V.
2051 2877 2103 2941 3)
2124 2875 2289 2928 nauis
2309 2875 2379 2930 V.

338 2949 394 3017 4)
431 2945 567 3030 fuit]
604 2948 736 3015 post
770 2945 883 3000 fuit
893 2948 961 3017 (⁶2)
995 2945 1064 3000 V.
1243 2949 1297 3016 ὃ)
1335 2945 1463 3014 quis
1499 2961 1614 3013 qua
1651 2962 1677 2999 s
1712 2944 1781 2999 V..
1836 2962 1974 3000 ‘num
2009 2947 2138 3013 quis
2176 2948 2380 3015 quasi?

340 3019 394 3088 6)
431 3016 785 3072 institutoria
821 3018 887 3072 V.
1108 3019 1159 3085 7)
1196 3018 1369 3071 uocat
1406 3016 1472 3070 V.
1692 3019 1745 3084 8)
1783 3016 2077 3071 institutor
2112 3018 2179 3071 V.

481 3254 512 3320 5
553 3255 637 3303 69.
677 3277 746 3297 =
776 3252 825 3304 I.
864 3255 915 3315 4,
947 3254 1081 3320 7pr.
1147 3248 1429 3320 superius]
1466 3251 1535 3317 cf.
1576 3250 1652 3304 ad
1689 3255 1719 3315 ξ
1759 3254 1827 3303 60
1863 3256 2075 3305 notata.

482 3326 513 3385 8
554 3325 636 3374 70.
677 3347 744 3366 -—-
775 3323 824 3375 Ι.
864 3326 915 3386 4,
956 3326 1004 3387 7,
1046 3326 1092 3373 1.
1167 3322 1236 3389 cf.
1276 3321 1350 3374 D.
1410 3323 1491 3376 tit.
1535 3326 1617 3387 ιδ,
1656 3327 1705 3374 4.
1801 3321 1859 3377 0.
1924 3322 2019 3376 Th.
2076 3323 2159 3377 tit.
2200 3328 2253 3390 2,
2292 3328 2378 3377 31.

341 3391 399 3447 Ο.
439 3393 488 3444 Ι.
527 3394 611 3446 tit.
650 3397 700 3457 4,
731 3398 816 3444 28.
882 3393 958 3446 D.
997 3398 1048 3457 4,
1078 3397 1129 3456 4,
1159 3398 1208 3457 3,
1239 3396 1272 3443 4
1310 3391 1467 3462 (Uzp.
1508 3396 1649 3461 398).

483 3467 514 3526 8
556 3466 637 3515 71.
695 3463 763 3528 cf.
813 3464 863 3514 Ι.
912 3469 961 3527 4,
994 3468 1040 3527 7,
1072 3468 1119 3515 2.
1196 3463 1362 3517 Paul.
1407 3469 1458 3530 2,
1488 3469 1545 3527 63
1585 3468 1634 3516 8.
1711 3463 1786 3517 D.
1842 3465 1926 3518 tit.
1986 3470 2150 3531 14,1.
2212 3471 2296 3532 14,
2330 3472 2379 3520 3.

376 3532 390 3538 ”
438 3533 521 3586 tit.
561 3537 611 3597 4,
643 3537 728 3586 25.
785 3533 860 3587 1).
905 3539 988 3599 14,
1019 3539 1067 3598 8,
1100 3538 1147 3599 7,
1181 3538 1243 3587 11
1284 3534 1439 3603 (Uip.
1479 3536 1622 3603 878).
1658 3593 1665 3599 ⁸
1766 3596 1769 3601 ,

2540 2920 2607 3872 j
