2650 3917
354 130 434 196 18
966 130 1029 196 Q.
1057 129 1332 186 MVOIVS
1371 130 1763 185 SCAEVOLA.

346 293 569 359 futuro
612 295 823 380 legem
866 294 1095 379 loqui?
1151 294 1263 359 sed
1308 292 1382 371 Q.
1422 291 1734 359 Scaeuola
1780 297 2030 377 patrem
2078 317 2269 360 suum
2318 298 2381 359 et

348 382 627 448 Brutum
673 386 740 447 et
784 382 1144 467 Manilium,
1192 385 1367 448 uiros
1413 382 1702 468 adprime
1749 382 2002 468 doctos,
2057 384 2381 468 quaesisse

349 472 439 537 ait
487 472 956 557 dubitasseque,
1013 478 1314 538 utrumne
1370 472 1440 537 in
1502 476 1655 557 post
1716 473 1888 538 facta
1948 473 2142 539 modo
2207 473 2384 538 furta

350 561 456 626 lex
501 561 747 626 ualeret
792 584 874 627 an
922 561 1117 627 etiam
1162 561 1231 626 in
1286 567 1437 627 ante
1490 561 1688 626 facta:
1742 563 2047 646 quoniam
2096 562 2386 647 ‘subrup—

298 679 323 719 5
350 655 490 716 tum
537 651 681 716 erit’
738 654 1090 735 utrumque
1144 654 1400 734 tempus
1451 651 1780 717 uideretur
1834 651 2196 735 ostendere,
2249 655 2383 717 tam

349 743 770 825 praeteritum
836 762 1030 824 quam
1093 740 1406 808 futurum.
1461 777 1550 787 —
1600 740 1756 806 Gall.
1799 741 1900 824 17,
1941 741 1999 825 7,
2040 740 2230 805 1—3.
2304 743 2381 823 cf.

347 850 544 912 supra
588 829 915 894 Manilius
960 829 1001 892 9
1035 851 1107 912 p.
1146 831 1204 892 6.

480 919 540 983 4.
586 916 909 983 Inluseras
955 918 1098 982 heri
1133 918 1302 982 inter
1349 917 1647 1003 scyphoS,
1685 918 1860 1002 quod
1905 918 2192 984 dixeram
2239 940 2386 984 con-

349 1009 731 1073 trouersiam
796 1028 951 1091 esse,
1014 1010 1315 1090 possetne
1374 1006 1579 1090 heres,
1643 1007 1817 1089 quod
1879 1006 2131 1072 furtum
2195 1013 2385 1074 antea

270 1125 321 1164 10
349 1097 593 1161 factum
651 1100 844 1180 esset,
899 1096 1061 1161 furti
1113 1101 1287 1161 recte
1352 1117 1556 1182 agere.
1647 1098 1866 1180 itaque
1931 1100 2054 1162 etsi
2120 1096 2384 1163 domum

349 1187 511 1251 bene
556 1189 752 1270 potus
800 1207 1070 1270 seroque
1115 1185 1446 1269 redieram,
1492 1188 1708 1249 tamen
1738 1185 1806 1249 id
1843 1190 2053 1271 caput,
2084 1186 2197 1252 ubi
2224 1186 2384 1252 haec

350 1274 790 1340 controuersia
852 1279 975 1359 est,
1038 1276 1264 1339 notaui
1323 1278 1390 1339 et
1453 1273 1847 1358 descriptum
1892 1275 2016 1340 tibi
2070 1277 2244 1360 misi,
2308 1280 2384 1340 ut

350 1367 545 1429 scires
574 1363 659 1447 id,
685 1362 857 1447 quod
886 1368 960 1427 tu
988 1363 1309 1428 neminem
1339 1363 1612 1428 sensisse
1641 1363 1916 1447 dicebas,
1947 1363 2089 1429 Sex.
2118 1364 2382 1429 Aelium

330 1453 453 1519 ·M.'
471 1452 495 1491 ¹
522 1452 863 1517 Manilium
882 1452 968 1517 M.
985 1452 1261 1518 Brutum
1283 1452 1577 1517 sensisse.
1643 1474 1763 1537 ego
1794 1455 2010 1518 tamen
2033 1452 2384 1520 Scaeuolae

270 1570 320 1610 15
351 1548 415 1608 et
460 1541 689 1607 Testae
737 1541 1078 1607 adsentior.
1127 1580 1211 1589 —-—
1264 1540 1388 1607 Cio.
1419 1542 1509 1606 ad
1540 1543 1696 1623 fam.
1728 1539 2153 1629 (Trebatium)
2186 1543 2243 1626 7,
2273 1544 2378 1607 22.

483 1632 537 1696 5.
578 1629 889 1696 Scaeuola
915 1635 1152 1715 autem,
1187 1631 1257 1695 P.
1287 1632 1351 1715 f.,
1386 1632 1681 1696 iunctum
1709 1652 1847 1696 esse
1873 1634 2065 1717 putat
2090 1632 2383 1717 uerbum,

349 1725 422 1786 ut
459 1723 546 1787 sit
580 1721 650 1785 in
687 1741 763 1784 eo
801 1724 867 1784 et
905 1720 1100 1805 ‘post'
1142 1726 1206 1786 et
1244 1721 1515 1786 ‘limen’t
1561 1724 1654 1803 ut,
1701 1742 1867 1804 quae
1913 1744 1952 1785 a
1995 1722 2186 1787 nobis
2233 1721 2384 1786 alie-

348 1817 502 1876 nata
527 1812 695 1892 sunt,
725 1831 872 1873 cum
900 1810 981 1873 ad
1017 1811 1271 1875 hostem
1308 1811 1738 1895 peruenerint,
1776 1833 1856 1875 ex
1893 1831 2011 1876 suo
2049 1814 2381 1895 tamquam

346 1900 567 1966 limine
614 1900 903 1983 exierint,
950 1921 1025 1964 ea
1070 1921 1218 1966 cum
1262 1898 1571 1964 redierint
1619 1903 1770 1982 post
1820 1898 1902 1965 ad
1946 1899 2116 1965 idem
2164 1900 2383 1983 limen,

268 2016 322 2056 20
349 1988 750 2074 postliminio
797 1988 1062 2054 rediisse
1107 1988 1467 2053 uideantur.
1516 2025 1601 2035 —-
1652 1987 1776 2053 Cic.
1822 1995 1941 2071 top.
1981 1989 2041 2073 8,
2078 1990 2182 2054 37.

483 2079 539 2144 6.
587 2075 903 2165 (Nexum)
948 2077 1229 2143 Mucius:
1277 2099 1442 2160 quae
1486 2099 1603 2161 per
1648 2100 1754 2142 aes
1803 2081 1867 2141 et
1924 2077 2157 2142 libram
2203 2078 2385 2162 fiant,

348 2172 423 2233 ut
469 2168 841 2254 obligentur
872 2171 1127 2251 praeter
1179 2165 1412 2251 quom²
1449 2169 1770 2250 mancipio
1809 2166 2010 2232 detur.
2050 2205 2134 2213 —
2180 2168 2386 2233 Varro

350 2259 425 2324 de
469 2257 508 2322 l.
546 2256 585 2321 l.
627 2256 684 2340 7,
727 2254 872 2321 105.
946 2258 1022 2338 cf.
1069 2277 1266 2339 supra
1311 2256 1639 2321 Manilm
1674 2254 1717 2319 5
1758 2278 1820 2338 p.
1861 2255 1919 2321 6.

484 2347 536 2411 7.
595 2345 662 2427 Q.
721 2365 978 2429 quoque
1042 2345 1330 2410 Mucium
1385 2345 1893 2410 iureconsultum
1960 2345 2170 2410 dicere
2234 2345 2388 2410 soli-

268 2463 320 2504 95
349 2441 490 2501 tum
534 2435 667 2519 legi
725 2456 857 2499 non
921 2455 1059 2499 esse
1119 2432 1530 2519 usurpatam⁸
1592 2434 1941 2517 mulierem,
2006 2455 2168 2518 quae
2231 2455 2380 2500 cum

349 2524 658 2590 Kalendis
703 2521 1020 2588 Ianuariis
1067 2523 1238 2608 apud
1284 2524 1498 2588 uirum
1556 2522 1950 2588 matrimonii
2005 2544 2197 2589 causa
2243 2546 2385 2589 esse

351 2614 690 2699 coepisset,
737 2617 888 2677 ante
939 2612 1109 2677 diem
1167 2616 1471 2696 quartum
1527 2611 1847 2677 Kalendas
1901 2610 2233 2677 Ianuarias
2290 2635 2386 2678 se-

351 2707 620 2788 quentes
666 2706 1048 2786 usurpatum
1093 2703 1276 2767 isset:
1322 2723 1454 2766 non
1502 2701 1675 2766 enim
1719 2721 1911 2785 posse
1969 2700 2227 2786 impleri
2273 2704 2386 2767 tri·

349 2794 656 2875 noctium,
706 2789 922 2875 quod4
968 2790 1190 2856 abesse
1228 2815 1267 2856 a
1300 2792 1445 2856 uiro
1482 2790 1835 2874 usurpandi
1872 2811 2066 2855 causa
2101 2813 2181 2854 ex
2227 2790 2387 2855 duo-

271 2910 323 2951 ³0
353 2882 559 2947 decim
614 2879 857 2945 tabulis
912 2880 1189 2964 deberet,
1250 2879 1556 2964 quoniam
1615 2879 1843 2944 tertiae
1901 2880 2112 2945 noctis
2170 2884 2390 2964 poste-

351 2972 553 3037 riores
601 2993 710 3036 sex
756 2969 952 3034 horae
999 2968 1263 3034 alterius
1310 2969 1459 3035 anni
1508 2973 1737 3051 essent,
1785 2967 1897 3053 qui
1942 2969 2257 3053 inciperet
2305 2991 2386 3034 ex

351 3060 676 3126 Kalendis.
704 3096 795 3106 --
837 3058 991 3124 Gall.
1023 3059 1083 3142 3,
1113 3059 1172 3143 2,
1206 3060 1305 3124 12.
1341 3060 1422 3123 13
1459 3059 1627 3123 unde
1661 3058 1943 3123 Macrob.
1972 3057 2106 3123 Sat.
2149 3059 2207 3143 1,
2234 3059 2297 3145 3,
2326 3059 2387 3123 9.

485 3150 538 3214 8.
584 3147 880 3232 Itemque
937 3152 1013 3212 ut
1065 3147 1255 3212 illud:
1322 3146 1633 3213 ‘Gentiles
1690 3151 1843 3212 sunt
1905 3148 2074 3212 inter
2119 3170 2205 3232 se,
2272 3150 2386 3232 qui

352 3239 576 3305 eodem
621 3239 881 3302 nomine
940 3237 1134 3301 sunt'.
1227 3258 1361 3302 non
1425 3241 1522 3302 est
1582 3238 1755 3302 satis.
1851 3234 2005 3312 ‘Qui
2063 3236 2146 3301 ab
2207 3238 2389 3325 inge-

496 3381 548 3449 1)
585 3377 659 3431 M.
698 3379 812 3434 cod.
856 3411 857 3414 =
886 3390 891 3396 ’
961 3379 1014 3447 2)
1053 3394 1223 3446 quom
1242 3376 1486 3449 Spcuyel.
1543 3392 1713 3445 quam
1742 3376 1894 3432 codd.
1954 3391 2098 3444 quae
2118 3377 2385 3432 Niebuhr.

354 3452 744 3521 praeterquam
800 3448 953 3517 quod
1001 3450 1300 3504 Turnebus.
1448 3451 1502 3519 3)
1540 3448 1656 3518 legi
1710 3465 1823 3502 non
1878 3464 2002 3502 esse
2053 3451 2387 3518 usurpatam

357 3523 493 3579 Gen.
567 3521 693 3592 lege
730 3537 841 3574 non
879 3521 990 3576 isse
1025 3523 1360 3589 usurpatum
1396 3524 1576 3576 Macr.
1724 3523 1779 3590 4)
1818 3537 1928 3588 quo
1970 3521 2150 3575 Macr.
