2650 3917
755 151 856 204 AD
897 149 1075 205 GAIV
1077 150 1137 203 M
1173 149 1526 204 PRAEFAT.
1566 149 1680 204 ΕΙ).
1717 150 1809 204 VI.
2166 148 2290 212 111

251 324 511 402 gistrum
563 339 716 397 quae
759 323 999 396 praesto
1046 322 1188 379 sunt
1241 322 1444 379 omnia
1497 320 1811 396 pandendo
1869 319 2101 379 scholas
2157 337 2297 378 suas

252 429 565 471 evacuare.
662 462 666 468 .

390 498 730 559 Ordinem
802 518 1004 557 rerum
1066 497 1551 572 tractandarum,
1623 499 1686 557 id
1752 502 1841 558 est
1909 516 2298 573 personarum

250 609 457 649 rerum
503 590 809 649 actionum
867 586 1315 647 trichotomiam
1372 581 1518 669 (vid.
1567 587 1963 664 Conspectum
2024 589 2090 645 in
2136 587 2300 646 calce

242 679 541 741 ‚editionis
586 679 827 736 nostrae
875 668 1198 758 additum),
1245 675 1433 736 Gaius
1479 697 1599 738 non
1646 678 2038 754 excogitasse,
2085 676 2189 735 sed
2230 678 2298 734 in

253 769 463 828 fructu
511 766 789 826 habuisse
845 765 1173 825 censendus
1229 769 1335 827 est.
1428 765 1541 826 hoc
1597 766 1802 826 ordine
1867 760 2130 825 delineat
2183 767 2297 824 ius

253 860 419 934 priv
434 860 630 916 atum
684 855 1071 931 ordinemque
1125 855 1486 916 iudiciorum
1539 858 1940 932 privatorum,
2002 857 2067 913 in
2112 874 2297 913 unum

255 965 474 1024 corpus
522 945 776 1005 conflato
827 947 957 1003 iure
1004 944 1172 1003 civili
1216 963 1285 1003 ac
1333 947 1652 1021 praetorio.
1744 947 2155 1004 verumtamen
2202 945 2299 1003 de-

257 1037 604 1096 siderantur
674 1035 894 1109 multa,
959 1053 1045 1093 ex.
1093 1053 1178 1110 gr.
1242 1033 1380 1093 iura
1444 1034 1619 1109 dotis,
1683 1036 1998 1094 castrensis
2061 1033 2298 1110 peculii,

256 1126 532 1203 pignoris
578 1123 1038 1201 hypothecaeve,
1074 1124 1243 1201 longi
1278 1125 1567 1201 temporis
1611 1122 2116 1201 praescriptionis,
2160 1141 2296 1198 que·

255 1215 446 1274 rellae
493 1213 813 1273 inofficiosi
856 1212 1221 1287 testamenti,
1267 1217 1684 1273 contractuum
1731 1213 1836 1290 qui
1882 1213 2165 1272 dicuntur
2207 1213 2300 1271 in·

256 1306 723 1376 nominatorum,
771 1300 927 1360 SGC.
974 1301 1305 1375 Vellaeani‚
1351 1302 1782 1362 Macedoniani.

395 1391 440 1452 C
454 1411 491 1452 o
506 1392 730 1451 dicem
750 1391 1154 1451 Veronensem
1174 1382 1602 1471 (bibliothecae
1632 1393 1982 1468 capitularis
2000 1412 2159 1450 num.
2186 1396 2217 1450 1
2229 1386 2299 1471 3)

256 1483 351 1542 bis
416 1482 517 1542 vel
580 1484 674 1540 ter
733 1482 1095 1557 rescriptum
1154 1482 1379 1540 saeculi
1423 1481 1481 1539 V
1526 1482 1621 1541 vel
1666 1481 1772 1555 VI,
1819 1500 1936 1558 quo
1982 1481 2157 1540 unico
2205 1501 2302 1539 ex-

258 1574 450 1648 ceptis
497 1571 852 1648 fragmentis
901 1569 1259 1645 quibusdam
1319 1573 1612 1650 genuinus
1658 1571 2117 1630 Institutionum
2165 1588 2300 1628 con·

256 1664 461 1721 textus
500 1659 673 1719 nobis
710 1662 999 1733 servatur,
1034 1656 1400 1720 Bartholdus
1436 1660 1707 1720 Niebuhr
1744 1679 1795 1718 a.-
1830 1660 1998 1718 1816
2037 1660 2306 1735 repperit

259 1743 363 1831 (de
407 1769 531 1808 uno
577 1749 724 1808 folio
771 1767 890 1808 non
951 1749 1241 1824 rescripto
1305 1749 1425 1809 vid.
1488 1751 1648 1809 infra
1704 1749 1863 1810 not*
1910 1749 1986 1808 ad
2033 1750 2092 1823 4,
2125 1741 2302 1827 134).

257 1841 379 1899 tria
414 1839 567 1900 folia
603 1837 794 1898 codici
829 1838 1062 1898 desunt.
1162 1837 1513 1899 duodecima
1556 1841 1680 1899 fere
1724 1857 1866 1915 pars
1911 1836 2031 1916 legi
2075 1838 2303 1913 nequit.

259 1931 560 2004 scriptura
607 1928 860 1987 duarum
916 1946 1226 2002 manuum,
1284 1949 1536 2005 quarum
1591 1930 1788 2005 prima
1841 1927 2026 1987 libros
2072 1926 2305 2001 I-III‚

257 2018 520 2078 secunda
543 2016 870 2076 librumIV
888 2017 1165 2092 absolvit,
1185 2018 1414 2077 mendis
1436 2021 1640 2078 scatet.
1699 2018 1770 2077 de
1798 2018 2053 2076 lectione
2083 2016 2302 2076 codicis

258 2107 607 2184 perdifficili
650 2106 901 2184 legendo
947 2107 1150 2165 meriti
1186 2112 1326 2167 sunt
1370 2108 1666 2184 imprimis
1703 2108 1759 2166 J.
1788 2107 1853 2165 F.
1883 2106 1949 2166 L.
1979 2104 2306 2179 Goeschen,

258 2197 474 2257 deinde
549 2196 617 2255 F.
663 2196 918 2256 Bluhme
993 2188 1266 2276 (schedas
1337 2216 1495 2273 quae
1568 2198 1849 2256 dicuntur
1910 2195 2307 2255 Bluhmianas

255 2278 679 2368 conficiendo),
723 2276 1026 2361 postremo
1074 2287 1298 2361 optime
1349 2285 1416 2345 Gr.
1458 2286 1830 2345 Studemund
1872 2278 2016 2366 (Gai
2052 2285 2301 2344 Institu-

255 2377 496 2435 tionum
556 2374 971 2434 commentarii
1027 2376 1326 2450 quattuor.
1422 2376 1640 2435 codicis
1690 2374 2051 2434 Veronensis
2107 2374 2305 2433 denuo

256 2466 468 2525 collati
535 2463 1031 2542 apographum
1087 2463 1175 2523 ed.
1225 2463 1291 2523 G.
1334 2464 1719 2524 Studemund.
1810 2463 2052 2540 Lipsiae
2103 2464 2307 2538 18743

257 2554 791 2631 Supplementa
836 2552 914 2611 ad
960 2551 1180 2612 codicis
1227 2553 1585 2613 Veronensis
1631 2553 2044 2632 apographum
2091 2551 2304 2611 Stude-

253 2644 663 2704 mundianum
708 2641 1043 2717 composuit
1079 2638 1148 2701 G.
1180 2641 1570 2718 Studemund‚
1607 2643 1671 2701 in
1701 2641 2085 2702 Collectionis
2121 2640 2303 2699 libro.-

252 2754 396 2793 rum
430 2732 587 2792 iuris
624 2731 1078 2790 anteiustiniani
1118 2731 1245 2790 edd.
1274 2732 1544 2810 Krueger
1570 2731 1899 2791 Mommsen
1930 2729 2305 2789 Studemund

255 2828 426 2882 tomo
471 2822 524 2895 I,
572 2820 662 2879 ed.
705 2822 759 2881 5.
853 2819 1047 2879 Berol.
1090 2822 1261 2881 1905
1309 2841 1367 2896 p.
1403 2812 1971 2900 XVII—XXXIX).

395 2911 819 2970 Editionum
870 2909 1012 2968 inde
1058 2929 1096 2969 a
1142 2909 1469 2970 Goescheni
1514 2910 1785 2987 principe
1844 2928 1896 2968 a.
1948 2909 2121 2968 1820
2178 2926 2302 2966 sae·

254 3001 396 3061 culo
440 2999 589 3059 XIX
640 3001 861 3059 iterum
915 3001 1100 3075 atque
1155 3001 1375 3058 iterum
1428 3000 1592 3076 typis
1656 2999 2078 3059 mandatarum
2132 3000 2298 3056 nota—

256 3108 398 3150 mus
442 3090 650 3148 hasce:
1807 3133 1811 3137 ,

396 3177 537 3238 Gaii
581 3177 1038 3239 Institutionum
1095 3197 1303 3239 comm.
1353 3178 1440 3236 IV
1496 3178 1584 3237 ed.
1631 3178 2017 3255 Boecking.
2110 3176 2304 3235 Bonn.

254 3289 305 3329 a.
355 3269 550 3328 1837.
605 3268 793 3327 1841.
846 3268 1033 3327 1850.
1126 3267 1286 3344 Lips.
1342 3268 1531 3327 1855.-
1582 3267 1769 3326 1866.

308 3394 316 3407 ·
397 3355 515 3417 Gai
569 3355 990 3417 Institutiones
1052 3356 1130 3416 ad
1189 3356 1407 3416 codicis
1466 3355 1827 3416 Veronensis
1887 3354 2306 3432 apographum

251 3445 847 3509 Studemundianum
904 3446 1033 3505 edd.
1098 3446 1162 3506 P.
1209 3446 1534 3523 Krueger
1597 3448 1658 3503 et
1721 3443 1788 3505 G.
1839 3443 2302 3503 Studemund.

251 3537 456 3599 Berol.
512 3535 704 3596 1876.
758 3535 944 3594 1884.
998 3536 1184 3595 1891.
1238 3536 1426 3594 1899.
1481 3536 1667 3594 1905.
2116 3582 2121 3587 .
