2650 3917
904 161 1030 216 GAI
1063 161 1322 216 INSTIT.
1358 162 1411 216 H
1446 166 1674 216 52-56.
2178 162 2310 227 205
2342 225 2349 234 ,

406 326 500 390 52.
548 324 797 390 Rursus
846 348 925 389 ex
980 326 1303 390 contrario
1363 326 1622 410 accidit,
1676 331 1751 391 ut
1797 327 1910 411 qui
1957 327 2119 391 sciat
2164 326 2312 392 alic-

270 436 421 480 nam
468 438 602 479 rem
653 437 720 479 se
766 414 1111 499 possidere,
1156 415 1511 500 usucapiat,
1557 416 1738 480 uelut
1780 416 1834 480 si
1880 438 2018 480 rem
2063 416 2312 480 heredi-

272 506 524 588 tariam,
570 505 753 568 cuius
800 504 1274 589 possessionem
1327 505 1514 568 heres
1569 505 1857 569 nondum
1911 510 2139 571 nactus
2196 510 2311 589 est,

269 594 506 679 aliquis
552 592 973 679 possederit13
1037 616 1186 657 nam
1246 594 1305 658 ei
1370 614 1745 662 concessum
1800 601 1889 660 est
1948 615 2312 680 usucapere,

268 685 325 748 si
372 683 567 747 modo
616 706 691 747 ea
736 706 837 747 res
885 687 1010 766 est,
1071 705 1236 767 quae
1290 684 1523 768 recipit
1578 684 2055 769 usucapionem.
2149 706 2312 768 quae

272 773 515 855 specics
562 772 987 857 possessionis
1026 777 1091 836 et
1134 772 1548 856 usucapionis
1586 794 1704 856 pro
1742 773 1976 837 herede
2022 778 2312 838 uocatur.

268 862 364 927 53.
412 861 501 925 Et
549 862 618 925 in
664 866 919 925 tantum
965 862 1126 927 haec
1171 863 1482 946 usucapio
1531 884 1834 927 concessa
1889 867 2013 946 est,
2064 868 2072 943 Ι
2122 867 2198 927 ut
2245 867 2308 927 et
2347 874 2416 923 67

270 973 393 1037 res,
422 973 587 1036 quae
618 951 756 1015 solo
788 951 1216 1035 continentur,
1246 973 1414 1016 anno
1445 952 1926 1036 usucapiantur.
1973 952 2068 1017 54.
2100 951 2310 1028 Quare

268 1046 487 1105 autem
542 1041 671 1105 hoc
726 1061 877 1105 casu
933 1038 1164 1105 etiam²
1219 1040 1344 1104 soli
1406 1063 1622 1105 rerum
1683 1063 1894 1106 annua
1959 1042 2313 1106 constituta

267 1130 359 1195 sit
403 1130 736 1214 usucapio,
783 1129 897 1193 illa
943 1130 1108 1194 ratio
1153 1134 1267 1214 est,
1315 1131 1490 1214 quod
1537 1130 1694 1194 olim
1741 1153 1954 1195 rerum
1999 1130 2313 1196 heredita-

266 1220 511 1283 riarum
573 1217 1019 1304 possessione⁸
1074 1219 1252 1304 ipsae
1313 1219 1704 1285 hereditates
1768 1221 2037 1305 usucapi
2101 1220 2313 1285 crede·

268 1309 536 1389 bantur,
610 1308 857 1375 scilicet
929 1330 1124 1372 anno:
1196 1310 1303 1373 lex
1369 1310 1540 1373 enim
1590 1327 1693 1372 XII
1756 1310 2123 1374 tabularum
2189 1310 2312 1374 soli

267 1398 535 1482 quidem
580 1419 682 1461 res
731 1398 991 1462 biennio
1039 1398 1308 1481 usucapi
1355 1398 1564 1482 iussit,
1611 1404 1854 1464 ceteras
1911 1421 2066 1464 uero
2116 1420 2311 1464 anno:

270 1509 425 1573 ergo
487 1487 809 1552 hereditas
864 1489 933 1552 in
998 1489 1228 1552 ceteris
1283 1488 1477 1551 rebus
1541 1488 1884 1551 uidebatur
1938 1510 2102 1569 esse,
2160 1488 2313 1572 quia

268 1577 393 1642 soli
440 1599 575 1640 non
621 1580 719 1641 est
765 1576 949 1661 [quia
994 1599 1203 1661 neque
1250 1577 1606 1660 corporalis
1666 1576 1846 1664 est]4;
1903 1584 1959 1643 et
2014 1578 2311 1662 quamuis

268 1669 500 1750 postea
547 1666 861 1730 creditum
891 1667 978 1730 sit
1014 1666 1187 1749 ipsas
1225 1665 1615 1730 hereditates
1649 1668 1918 1750 usucapi
1944 1689 2077 1731 non
2105 1688 2312 1751 posse,

269 1760 489 1819 tamen
538 1756 607 1819 in
655 1755 955 1819 omnibus
1002 1756 1194 1819 rebus
1241 1754 1668 1839 hereditariis,
1715 1756 1912 1819 etiam
1959 1778 2125 1841 quae
2171 1757 2311 1820 solo

268 1849 576 1909 tenentur
587 1842 629 1928 ⁵,
677 1866 887 1908 annua
933 1845 1241 1927 usucapio
1288 1843 1612 1908 remansit.
1706 1844 1798 1908 55.
1848 1844 2059 1921 Quare
2097 1850 2311 1910 autem

269 1934 536 1998 omnino
583 1936 717 1997 tam
781 1934 1056 2018 inproba
1120 1933 1440 2018 possessio
1503 1937 1568 1997 et
1632 1934 1940 2017 usucapio
2007 1955 2313 1999 concessa

268 2023 385 2106 sit,
449 2023 565 2087 illa
628 2022 795 2087 ratio
843 2026 968 2107 est,
1033 2023 1207 2106 quod
1270 2022 1619 2086 uoluerunt
1682 2026 1931 2087 ueteres
1995 2024 2312 2087 maturius

268 2113 662 2177 hereditates
709 2112 890 2195 adiri,
927 2116 1000 2175 ut
1047 2115 1277 2193 essent,
1316 2112 1432 2195 qui
1476 2131 1654 2175 sacra
1697 2111 1999 2195 facerent,
2037 2135 2313 2197 quorum

268 2201 404 2266 illis
460 2202 866 2286 temporibus
927 2223 1174 2266 summa
1235 2201 1603 2265 obseruatio
1664 2202 1809 2286 fuit,
1867 2206 1942 2265 ut
1988 2206 2053 2266 et
2111 2202 2314 2267 credi-

267 2295 449 2355 tores
496 2291 826 2372 haberent,
864 2313 902 2354 a
939 2312 1067 2374 quo
1108 2312 1294 2354 suum
1343 2295 1903 2375 consequerentur.
1997 2291 2088 2356 56.
2136 2290 2314 2357 Haec

268 2384 488 2445 autem
537 2380 781 2463 species
828 2379 1253 2465 possessionis
1296 2383 1361 2443 et
1407 2381 1820 2464 usucapionis
1868 2380 2063 2445 etiam
2110 2380 2313 2445 lucra-

266 2472 413 2535 tiua
457 2475 754 2534 uocatur:
813 2491 964 2533 nam
1011 2470 1217 2535 sciens
1273 2469 1548 2552 quisque
1602 2490 1737 2534 rem
1795 2469 2068 2534 alienam
2127 2470 2312 2534 lucri-

421 2668 472 2733 1)
510 2662 786 2733 posiderit
822 2662 889 2716 V.
1063 2666 1115 2731 2)
1154 2662 1262 2717 1100
1300 2678 1437 2716 casu
1483 2662 1680 2733 etiam]
1719 2662 1893 2717 etiam
1928 2663 2035 2717 hoc
2073 2680 2207 2717 casu
2244 2663 2312 2718 V.

268 2738 329 2806 3)
368 2735 815 2805 possessionesut
850 2734 917 2788 V.
1040 2738 1095 2803 4)
1132 2735 1294 2789 uncis
1329 2735 1548 2789 inclusa
1581 2736 1682 2789 del.
1720 2736 1999 2790 Poleuaar
2034 2742 2314 2804 tamquam

266 2810 550 2879 glossema.
590 2809 661 2874 cf.
717 2807 884 2861 etiam
937 2807 1117 2872 Kalb,
1172 2806 1395 2861 Archiv.
1452 2806 1740 2877 Leoeicoyr.
1789 2807 1982 2861 Latin.
2029 2807 2071 2874 Ι,
2109 2811 2194 2860 88.

267 2882 330 2948 5)
367 2881 668 2932 teneantur
703 2878 771 2932 V.

419 3063 448 3123 ξ
487 3062 571 3111 52.
628 3059 699 3124 cf.
727 3057 888 3124 iufra
916 3062 966 3124 3,
996 3061 1116 3110 201.
1153 3073 1330 3125 supra
1358 3060 1409 3123 2,
1438 3060 1488 3109 9.
1527 3056 1605 3110 D.
1633 3060 1722 3122 41,
1751 3060 1802 3122 3,
1832 3061 1899 3108 29
1930 3058 2143 3125 (Pomp.
2167 3060 2312 3128 696).

271 3131 429 3186 Ptin.
469 3145 549 3198 ep.
589 3134 640 3196 5,
672 3135 721 3196 1,
753 3133 836 3182 10.
894 3128 943 3181 si
953 3099 1146 3182 ’1110ᾶο
1186 3143 1252 3181 ea
1289 3143 1379 3181 res
1395 3098 1536 3198 0811]
1566 3128 1637 3193 cf.
1674 3143 1850 3194 supra
1888 3133 1938 3195 2,
1968 3133 2036 3180 45
2055 3146 2130 3197 sq.

420 3205 484 3266 ἓξ
522 3204 607 3253 53.
626 3170 733 3254 ’54.
789 3201 858 3267 cf.
892 3200 1000 3255 Cic.
1030 3216 1138 3267 pro
1176 3200 1381 3254 Flacco
1420 3202 1505 3265 34,
1536 3202 1620 3250 85.
1678 3200 1754 3251 ad
1790 3199 1905 3253 Att.
1950 3206 1997 3267 1,
2028 3205 2078 3266 5,
2109 3205 2157 3254 6.
2201 3207 2310 3271 top.

270 3279 328 3340 6,
358 3275 443 3325 29.
499 3271 678 3326 Seme.
718 3272 784 3325 de
821 3272 989 3338 benef.
1029 3275 1079 3336 6,
1110 3276 1159 3337 5,
1190 3276 1238 3322 3.
1293 3286 1469 3338 supra
1492 3240 1581 3323 'ad
1618 3274 1669 3336 2,
1697 3274 1765 3321 42
1794 3271 1883 3324 cit.

422 3347 576 3409 555.
634 3344 704 3410 cf.
746 3344 857 3398 010.
896 3344 960 3396 de
998 3343 1094 3413 ley.
1135 3348 1185 3408 2,
1217 3347 1301 3408 19,
1330 3346 1399 3393 47
1419 3357 1494 3409 sq.
1550 3311 1669 3409 pro,
1699 3342 1856 3396 Mur.
1900 3347 1983 3409 12,
2014 3348 2098 3396 27.
2163 3344 2311 3399 Fest.

268 3434 324 3471 v.
362 3432 515 3470 sacer
544 3432 602 3483 p.
634 3419 738 3468 318
777 3415 994 3483 (Brun-3
1028 3412 1123 3480 11⁶,
1158 3415 1264 3481 34).
1322 3413 1489 3466 Paul.
1527 3417 1579 3479 4,
1608 3417 1659 3479 3,
1691 3418 1738 3465 3.

421 3493 451 3552 ς
491 3492 577 3541 56.
634 3488 704 3553 cf.
735 3487 811 3541 D.
841 3490 929 3552 41,
958 3491 1009 3551 2,
1040 3485 1312 3553 72(71),1
1346 3484 1486 3553 (lav.
1518 3454 1750 3552 51).’41,
1780 3489 1831 3552 5,
1861 3492 1911 3553 2,
1944 3492 1972 3540 1
2003 3487 2137 3557 (Iul.
2169 3492 2312 3558 620).

270 3563 366 3627 41,
396 3564 446 3625 3,
476 3562 562 3626 33,
594 3563 622 3611 1
663 3559 796 3628 (Iul.
838 3559 979 3627 614).
