2650 3917
729 150 830 203 AD
867 149 992 204 GAI
1027 150 1110 203 IN
1110 150 1212 205 ST.
1251 149 1716 205 OONSPEGTVS
1751 151 2033 206 RERVM.

634 313 696 380 α)
730 310 877 380 legin
915 311 1166 365 actiones
1216 353 1946 365 .........
2020 319 2071 369 4.
2104 319 2165 364 11

719 386 830 450 aa)
867 382 996 452 lege
1031 382 1312 452 agebatur
1347 383 1531 435 modis
1567 384 1823 453 quinque
1843 427 1855 436 .
1933 428 1947 439 .
2021 390 2073 441 4,
2104 390 2171 436 12

865 458 1216 507 sacremento
1302 496 1948 509 ........
2021 460 2315 519 4,13—1⁷

863 541 969 595 per
1003 525 1212 578 iudicis
1248 525 1690 594 postulationem

863 613 968 666 pet
1002 596 1417 650 condictionem
1484 640 1944 651 ......
2018 602 2070 663 4,
2103 602 2363 649 rra—20

863 683 968 737 per
1001 683 1202 720 manus
1238 668 1601 721 iniectionem
1663 712 1675 720 .
1753 712 1765 720 .
1843 713 1855 722 .
1931 712 1945 722 .
2020 675 2070 729 4,
2101 673 2314 720 21—25

969 811 984 822 .
1003 739 1258 821 pignoris}
1296 739 1592 821 cepionem
1662 782 1676 792 .
1751 783 1765 793 .
1841 784 1853 792 .
1929 782 1943 793 .
2019 746 2070 803 4,
2101 745 2314 792 26—29

722 811 834 878 ‘²¹²’
868 811 1947 952 ,ἰΐὲΐὲἓϋέωᾚωιῗὲἕὲξὲῗ
2019 888 2070 946 4,
2101 887 2195 941 30
2234 887 2303 935 31

631 964 692 1034 β)
729 961 1006 1017 formulae

725 1043 762 1112 β
774 1044 830 1112 a)
864 1058 1072 1112 genera
1110 1041 1479 1095 formularum

938 1113 1012 1166 ad
1081 1112 1224 1183 legis
1297 1113 1579 1167 act-ionem
1652 1129 1945 1182 expressae

866 1184 1144 1238 formulae
1212 1226 1941 1238 .........
2017 1192 2067 1249 4,
2098 1192 2195 1251 32;
2234 1191 2303 1238 33

939 1255 1173 1310 alterius
1200 1257 1423 1324 generis
1450 1256 1707 1309 fictiones
1732 1256 1793 1309 in
1819 1256 1944 1323 qui-

865 1328 1107 1381 busdam
1143 1326 1400 1380 formulis
1484 1369 1945 1381 ......
2019 1334 2069 1392 4,
2099 1334 2312 1381 34—38

721 1407 826 1479 fib)
861 1409 1053 1477 partes
1088 1406 1457 1461 formularum
1484 1446 1941 1462 ......
2018 1415 2067 1471 4,
2098 1413 2311 1460 39-44

719 1489 760 1559 β
773 1490 824 1557 c)
859 1486 1228 1541 formularum
1262 1504 1367 1569 pro
1403 1488 1655 1556 ipsarum
1694 1488 1944 1557 partium

865 1558 1194 1618 diversitate
1226 1559 1416 1612 variae
1452 1559 1667 1627 species
1695 1561 1753 1612 et
1780 1558 1943 1612 effec-

937 1701 998 1754 in
1034 1702 1124 1755 ius
1171 1704 1231 1754 et
1266 1702 1327 1762 in
1372 1702 1588 1755 factum
1635 1704 1945 1771 conceptae

863 1772 1140 1826 formulae
1214 1812 1941 1827 .........
2016 1779 2067 1841 4,
2097 1779 2310 1827 45—47

937 1843 1303 1898 formularum
1378 1844 1774 1898 condemnatio
1843 1846 1945 1897 aut

864 1918 1052 1970 certae
1089 1916 1191 1968 aut
1237 1915 1488 1968 incertae
1532 1916 1810 1985 pecuniae
1855 1918 1943 1968 est
2016 1922 2067 1981 4,
2097 1920 2311 1970 48-52

936 1987 1007 2040 de
1015 1985 1267 2056 periculo
1277 1986 1339 2039 in
1354 1986 1721 2056 conceptione
1735 1986 1945 2040 formu-

863 2058 1048 2111 larum
1083 2058 1353 2112 ineundo.

937 2129 997 2182 in
1034 2129 1369 2192 intentione,
1407 2129 1457 2183 si
1492 2128 1622 2197 plus
1658 2129 1875 2197 petitur
1931 2172 1943 2181 .
2017 2136 2068 2195 4,
2098 2135 2312 2184 53—56

935 2201 994 2253 in
1033 2200 1503 2255 condemnatione
1570 2243 1581 2252 .
2015 2205 2068 2269 4,
2097 2206 2165 2253 57

935 2271 996 2324 in
1025 2271 1523 2337 demonstratione,
1553 2272 1603 2324 si
1620 2271 1826 2324 falsum
1847 2272 1945 2326 de-

863 2344 1220 2398 monstratur.
1305 2384 1942 2397 ........
2018 2351 2069 2410 4,
2098 2349 2313 2397 58—60

936 2415 1006 2468 de
1035 2414 1309 2482 formuIiS,
1337 2414 1399 2467 in
1426 2413 1632 2481 quibus
1660 2414 1947 2467 interdum

861 2502 972 2538 non
1012 2485 1270 2550 solidum,
1309 2486 1461 2554 quod
1497 2485 1660 2539 nobis
1690 2484 1944 2552 debetur,

865 2557 1273 2639 consequimur,

935 2629 984 2682 si
1021 2628 1090 2683 de
1127 2629 1352 2698 peculio
1392 2620 1581 2697 agitur
1659 2670 1670 2680 .
2015 2630 2088 2696 (4,
2119 2631 2207 2697 60)

935 2700 983 2753 si
1004 2717 1134 2754 reus
1164 2699 1614 2754 condemnatur
1596 2717 1658 2752 m
1685 2698 1763 2765 id,
1793 2671 1944 2766 qnod

862 2772 1048 2826 facere
1083 2773 1273 2840 potest
1304 2812 1943 2824 ........
2019 2773 2091 2839 (4,
2122 2772 2212 2841 60)

934 2844 982 2896 si
1039 2843 1231 2913 agitur
1295 2860 1423 2897 cum
1489 2841 1944 2911 compensatione

865 2917 966 2968 aut
1003 2914 1342 2969 deductione
1394 2954 1942 2968 .......
2017 2918 2068 2979 4,
2097 2918 2313 2967 61-68

452 3006 507 3075 2)
546 3004 626 3058 de
664 3002 943 3058 actione
987 3003 1429 3058 instituenda.
1471 3005 1539 3055 et
1574 3001 1692 3070 qui
1739 3018 1944 3071 agere

542 3074 649 3130 vel
704 3074 1058 3130 conveniri
1114 3076 1419 3144 possunt.
1506 3073 1787 3128 conveniri
1846 3077 1945 3126 aut

544 3162 710 3217 agere
751 3163 1048 3216 possumus
1123 3187 1940 3201 ..........
2017 3149 2067 3212 4,
2090 3150 2155 3199 69
2168 3145 2385 3215 (ome).

544 3229 598 3298 a.)
633 3228 827 3281 nostro
865 3226 1091 3280 nomine

541 3308 603 3378 b)
640 3306 826 3360 alieno
868 3306 1094 3360 nomine

633 3389 691 3457 α)
729 3386 1015 3441 conveniri
1051 3403 1352 3456 possumus

723 3468 826 3536 aa)
865 3482 931 3519 ex
983 3468 1276 3521 contractu
1332 3465 1677 3520 maleficiove
1752 3482 1943 3519 earum

862 3552 1250 3605 personarum,
1323 3552 1470 3604 quae
1534 3537 1591 3589 in
1657 3538 1942 3606 potestate

865 3611 1056 3661 nostra
1094 3612 1224 3662 sunt
