2650 3917
393 149 526 215 386
966 151 1092 206 GAI
1125 151 1384 206 INSTIT.
1420 153 1500 207 IV
1539 157 1836 208 155-159.

390 315 807 381 interdictum
873 315 1039 400 dari,
1103 316 1159 381 si
1206 315 1352 399 quis
1408 336 1488 379 ex
1550 317 1957 399 possessione
2010 316 2081 380 111
2146 316 2437 382 deiectus

392 404 494 469 sit.
585 428 736 469 nam
784 405 843 470 ei
888 404 1275 489 proponitur
1318 405 1752 489 interdictum,
1799 405 1983 470 cuius
2036 406 2433 490 principium

392 498 491 559 est
535 513 728 558 VNDE
788 513 880 558 'rv
934 512 1156 558 ILLVM
1210 511 1283 556 vl
1339 510 1720 576 Dnmcls'rl,
1775 517 1892 578 per
1946 497 2121 579 quod
2175 495 2260 579 is,
2320 497 2432 579 qui

393 584 624 650 deiecit
636 583 677 668 ¹,
724 584 980 669 cogitur
1008 584 1068 648 ei
1101 583 1441 647 restituere
1467 584 1561 648 rei
1597 583 2092 669 possessionem,
2140 585 2197 649 si
2233 584 2433 650 modo

390 674 463 757 is,
512 674 623 757 qui
671 673 953 738 deiectus
1000 677 1125 756 est,
1170 694 1291 738 nec
1336 672 1405 735 ui
1448 695 1569 738 nec
1615 675 1780 737 clam
1834 695 1955 738 nec
2007 675 2302 758 precario
2350 675 2432 739 ab

388 760 492 828 00Β
537 762 912 864 possideret.
926 761 951 799 ⁸
1039 783 1318 845 namque
1365 784 1540 846 eum,
1588 763 1700 846 qui
1747 785 1784 826 a
1828 786 1933 827 me
1980 765 2049 828 111
2095 768 2209 828 aut
2257 765 2424 828 clam

388 858 502 917 aut
546 853 834 938 precario
881 849 1228 953 possidet4,
1282 853 1521 935 inpune
1570 850 1824 917 deicio⁵.
1914 853 2041 918 155.
2087 850 2423 918 Interdum

385 945 606 1006 tamen
651 942 773 1006 etsi
825 963 970 1006 eum
1016 941 1085 1005 ui
1143 941 1514 1024 deiecerim,
1571 941 1684 1025 qui
1731 965 1769 1004 a
1814 964 1918 1007 me
1962 943 2029 1007 ui
2087 946 2199 1007 aut
2255 941 2422 1008 clam

387 1037 499 1097 aut
522 1031 832 1121 precario
864 1030 1265 1133 possideret,
1313 1051 1513 1116 cogor
1558 1031 1618 1095 ei
1674 1032 2015 1097 restituere
2070 1032 2424 1116 possessio—

385 1144 551 1206 nem,
595 1122 779 1185 uelut
826 1120 880 1184 si
928 1120 1124 1184 armis
1168 1141 1314 1184 eum
1353 1121 1422 1184 ui
1469 1120 1825 1186 deiecerim.
1917 1118 2106 1186 nam⁶
2151 1124 2427 1205 propter

385 1211 791 1275 atrocitatem
830 1209 1103 1273 delicti
1086 1232 1156 1272 m
1190 1213 1446 1274 tantum
1483 1209 1700 1294 patior
1744 1211 2084 1293 actionem,
2130 1214 2206 1276 ut
2243 1210 2423 1274 omni

383 1300 578 1365 modo
645 1299 910 1364 debeam
976 1299 1036 1362 ei
1098 1300 1440 1364 restituere
1502 1300 1994 1383 possessionem.
2091 1321 2421 1364 armorum

382 1394 597 1454 autem
672 1387 1105 1473 appellatione
1168 1409 1299 1452 non
1374 1388 1586 1453 solum
1659 1393 1839 1453 scuta
1898 1391 1964 1452 01,
2037 1387 2291 1473 gladios
2357 1392 2425 1452 et

382 1478 598 1565 galeas
658 1477 1011 1562 significari
1064 1476 1541 1563 intellegemus,
1606 1479 1719 1542 sed
1773 1483 1837 1542 et
1907 1478 2113 1542 fustes
2188 1482 2255 1542 et
2326 1477 2419 1541 la-

422 1568 578 1633 ides.

378 1590 422 1652 p
512 1655 638 1721 156.
685 1655 905 1720 Tertia
952 1655 1186 1721 diuisio
1235 1655 1727 1721 interdictorum
1772 1656 1842 1720 in
1885 1656 2011 1722 hoc
2057 1665 2180 1741 est,
2243 1655 2418 1740 quod

380 1749 493 1810 aut
543 1745 863 1830 simplicia
918 1749 1071 1809 sunt
1124 1749 1237 1809 aut
1293 1745 1594 1829 duplicia.
1684 1746 1810 1811 157.
1861 1744 2197 1831 Simplicia
2251 1751 2416 1824 sunt,

380 1835 613 1920 [uelut]
632 1833 654 1871 ⁷
698 1836 770 1899 in
826 1834 1060 1919 quibus
1115 1835 1281 1899 alter
1335 1838 1542 1919 actor,
1598 1835 1761 1900 alter
1813 1856 1961 1899 reus
2017 1839 2141 1919 est,
2198 1836 2417 1919 qualia

380 1927 532 1989 sunt
570 1925 788 1990 omnia
824 1924 1228 1989 restitutoria
1264 1928 1379 1988 aut
1415 1924 1820 1989 exhibitoria.
1873 1946 2156 2007 namque
2187 1930 2369 1990 actor
2401 1922 2408 2010 ξ

235 2023 340 2072 240
379 2018 494 2098 est,
541 2015 654 2098 qui
701 2013 1019 2079 desiderat
1056 2017 1168 2077 aut
1215 2013 1508 2078 exhiberi
1545 2017 1657 2078 aut
1693 2013 1968 2097 restitui,
2013 2035 2162 2077 reus
2199 2014 2257 2078 is
2295 2017 2413 2098 est,

377 2127 415 2168 a
463 2125 593 2187 quo
643 2103 1055 2186 desideratur,
1091 2107 1168 2167 ut
1205 2101 1508 2168 exhibeat
1544 2107 1658 2167 aut
1693 2102 2015 2168 restituat.
2089 2102 2217 2168 158.
2255 2101 2414 2166 Pro-

373 2193 836 2257 hibitoriorum
883 2195 1099 2256 autem
1146 2191 1639 2257 interdictorum
1688 2190 2071 2276 [interdum]
2122 2191 2252 2257 alia
2298 2191 2415 2254 du-

374 2282 572 2366 plicia
584 2280 626 2366 8,
673 2281 800 2346 alia
838 2279 1160 2364 simplicia
1199 2284 1369 2345 sunt.
1459 2281 1585 2347 159.
1635 2279 1972 2365 Simplicia
2010 2284 2181 2362 sunt,
2225 2280 2416 2345 uelut

375 2370 612 2454 quibus
658 2369 963 2454 prohibet
1006 2374 1266 2455 praetor
1308 2372 1381 2434 in
1424 2370 1570 2435 loco
1630 2392 1809 2435 sacro
1867 2374 1982 2435 aut
2026 2370 2095 2434 in
2141 2370 2415 2435 flumine

518 2582 567 2648 1)
606 2580 864 2635 deiecisti
891 2581 957 2635 V.
1096 2584 1149 2652 2)
1181 2581 1253 2635 ab
1281 2599 1348 2636 00
1379 2582 1509 2636 add.
1528 2583 1648 2636 Hu.
1797 2585 1849 2651 3)
1888 2600 1920 2636 *
1942 2602 1974 2636 20:
1994 2600 2030 2636 *
2050 2582 2121 2637 dc
2142 2602 2173 2636 *
2207 2583 2415 2652 (possi—

372 2651 523 2720 det‘?)
543 2651 609 2706 V.
756 2655 809 2722 4)
847 2653 1164 2722 possideret
1198 2654 1265 2708 V.
1423 2655 1474 2722 5)
1515 2653 1696 2707 deicio
1733 2655 1971 2724 Fittinq.
2025 2653 2225 2708 deici*
2264 2654 2333 2711 V.

372 2724 424 2792 6)
463 2727 502 2776 fi
539 2725 595 2793 (i.
626 2740 668 2778 0.
697 2727 830 2794 11011)
859 2724 925 2779 V.
1040 2727 1090 2794 7)
1126 2724 1288 2779 uelut
1314 2725 1367 2778 V
1403 2725 1577 2792 Inst.,·
1614 2726 1716 2781 del.
1755 2728 1868 2778 Hu.
1988 2728 2041 2795 8)
2081 2726 2300 2796 duplici
2335 2726 2409 2781 V.

370 2907 456 2968 13,
486 2906 552 2955 37
572 2918 649 2970 sq.
707 2906 792 2970 31,
824 2906 887 2956 91
909 2919 985 2971 sq.
1035 2920 1141 2971 pro
1185 2904 1325 2957 Tull.
1360 2908 1443 2968 12,
1474 2908 1559 2957 29.
1610 2908 1693 2970 19,
1723 2908 1809 2958 44.
1866 2904 1943 2958 ad
1977 2906 2114 2971 fam.
2156 2909 2204 2973 7,
2237 2909 2321 2972 13,
2352 2910 2410 2961 2.

366 2974 434 3029 de
470 2980 608 3028 orat.
651 2979 697 3041 1,
730 2980 814 3039 10,
843 2979 930 3029 41.
1004 2974 1202 3043 Script.
1242 2976 1393 3030 Hist.
1432 2976 1578 3045 Aug.
1617 2975 1768 3030 Pesc.
1807 2976 1941 3045 Niy.
1982 2982 2034 3042 2,
2064 2980 2111 3029 7.

511 3051 541 3110 5
583 3051 701 3099 155.
758 3046 828 3113 cf.
885 3047 960 3101 D.
1019 3051 1105 3115 43,
1146 3052 1229 3112 16,
1268 3051 1337 3099 24
1394 3048 1607 3116 (Pomp.
1666 3048 1806 3115 743).
1882 3051 1969 3113 43,
2011 3052 2094 3113 16,
2135 3052 2184 3112 3,
2224 3052 2401 3101 2-12

367 3116 521 3186 (Ulp.
562 3119 738 3186 1533).
817 3118 925 3173 Cic.
974 3135 1081 3187 pro
1130 3119 1282 3175 Gaec.
1322 3122 1373 3185 8,
1412 3122 1500 3170 23.
1575 3123 1658 3183 11,
1680 3122 1861 3187 3.309
1937 3122 2025 3185 31,
2063 3122 2226 3187 8909.
2293 3136 2408 3188 pro

372 3188 556 3242 Tullio
580 3189 781 3258 fraym.
813 3194 840 3241 1
883 3190 1175 3259 (demptum
1210 3207 1278 3245 ex
1315 3160 1661 3258 Victoria-12.
1692 3194 1815 3258 209,
1845 3195 1912 3243 22
1950 3160 2033 3245 eci.
2071 3190 2285 3259 Halm).
2323 3191 2405 3244 ad

365 3259 497 3326 fam.
529 3263 617 3325 15,
647 3264 732 3326 16,
762 3264 809 3312 3.
885 3277 1165 3314 armorum
1222 3260 1606 3330 appellatione
1660 3263 1780 3332 010.]
1819 3287 1887 3306 ---
1916 3261 1965 3314 Ι.
2005 3265 2056 3327 4,
2088 3266 2173 3328 15,
2204 3267 2252 3315 6.
2327 3262 2399 3329 cf.

366 3331 441 3384 D.
482 3333 567 3396 50,
609 3336 692 3396 16,
731 3336 797 3383 41
838 3331 991 3400 (Gai.
1032 3336 1173 3402 335).
1253 3333 1364 3387 Cic.
1393 3348 1502 3402 pro
1543 3332 1692 3387 Gaec.
1733 3338 1818 3399 21,
1850 3337 1934 3385 60.

508 3373 571 3466 ςέ
610 3371 907 3455 15'5—159.
948 3428 1014 3446 =
1044 3404 1092 3457 Ι.
1123 3408 1290 3470 4,15,
1323 3409 1371 3457 7.
1427 3404 1496 3470 cf.
1537 3403 1613 3457 D.
1652 3409 1739 3468 43,
1772 3409 1819 3473 1,
1850 3409 1881 3457 2
1894 3421 1983 3472 pr
2025 3405 2213 3471 (Paul
2257 3406 2403 3474 745)

362 3471 423 3522 in
460 3469 582 3524 loco
621 3473 802 3543 sacro]
840 3471 908 3538 cf.
945 3489 1121 3540 supra
1148 3475 1485 3541 4,140.111
1523 3474 1754 3530 flumine
1789 3474 2044 3545 publico]
2082 3475 2151 3542 cf.
2190 3476 2269 3530 D.
2308 3479 2398 3541 43,

367 3543 811 3610 13,1pr.(Ulp.
854 3545 1060 3611 1516).
