2650 3917
208 1567 305 1616 111

355 142 484 205 248
951 141 1076 197 GAI
1108 142 1364 197 INSTIT.
1402 143 1454 197 11
1489 148 1787 197 219-221,

353 310 569 371 autem
604 306 769 370 uitio
805 327 1114 390 personae
1160 306 1448 392 legatum
1485 328 1615 371 non
1661 306 1896 390 ualere,
1933 327 2078 370 cum
2116 307 2175 370 ei
2214 306 2391 392 lega-

352 398 491 460 tum
530 396 633 475 sit,
680 397 784 460 cui
827 395 1009 459 nullo
1055 395 1248 460 modo
1294 395 1498 482 legari
1543 396 1752 479 possit
1795 395 1978 461 uelut
2023 396 2391 480 peregrino,

353 506 496 549 eum
554 507 680 569 quo
741 485 1111 549 testamenti
1163 485 1363 548 factio
1421 506 1551 549 non
1606 486 1707 550 sit.
1800 506 1928 569 quo
1984 485 2175 568 plane
2232 507 2387 549 casu

354 578 610 638 senatus
659 575 952 639 consulto
994 574 1174 638 locus
1213 597 1345 638 non
1382 579 1495 639 est.
1586 574 1712 639 219.
1758 573 1923 639 Item
1959 574 2166 639 nostri
2202 596 2388 658 prae-

353 668 661 748 ceptores,
708 663 882 747 quod
926 663 1019 728 ita
1063 662 1351 748 legatum
1397 667 1512 746 est,
1556 663 1738 728 nulla
1782 664 1918 728 alia
1973 663 2224 727 ratione
2273 686 2386 747 pu·

351 756 493 816 tant
517 775 710 836 posse
748 752 1054 837 consequi
1082 774 1228 817 eum
1244 751 1282 836 ¹,
1312 754 1416 817 cui
1444 752 1537 817 ita
1570 751 1767 817 fuerit
1801 753 2107 839 legatum,
2153 751 2388 835 quam²

350 841 589 907 iudicio
653 842 937 907 familiae
1001 841 1434 924 erciscundae,
1509 841 1684 926 quod
1746 842 1912 906 inter
1975 841 2241 906 heredes
2309 843 2386 906 de

350 931 705 996 hereditate
752 932 1150 1014 erciscunda‚
1205 931 1269 994 id
1318 935 1418 995 est
1481 930 1857 1013 diuidunda‚
1924 931 2129 1015 accipi
2193 930 2385 996 solet:

353 1020 567 1084 officio
607 1020 778 1084 enim
823 1021 1054 1085 iudicis
1091 1021 1158 1085 id
1205 1021 1538 1105 contineri,
1586 1024 1659 1085 ut
1702 1021 1778 1103 ei,
1826 1021 2000 1103 quod
2045 1042 2160 1104 per
2204 1043 2385 1104 prae-

352 1110 711 1193 ceptionem
757 1110 1041 1196 legatum
1081 1114 1197 1195 est,
1242 1109 1657 1175 adiudicetur.
1737 1110 1872 1174 220.
1911 1108 2098 1175 Unde
2136 1111 2386 1175 intelle-

351 1200 562 1301 gimus
610 1198 775 1263 nihil
830 1199 1007 1263 aliud
1063 1199 1412 1264 secundum
1465 1204 1834 1264 nostrorum
1890 1202 2384 1301 praeceptorum

351 1289 718 1371 opinionem
763 1311 878 1372 per
920 1289 1436 1390 praeceptionem
1494 1289 1697 1375 legari
1750 1310 1965 1373 posse,
2019 1288 2145 1353 nisi
2205 1289 2384 1371 quod

347 1379 676 1442 testatoris
736 1381 836 1444 sit.
926 1378 1108 1442 nulla
1171 1379 1342 1443 enim
1403 1377 1530 1442 alia
1581 1400 1683 1442 res
1739 1400 1932 1461 quam
1995 1377 2384 1444 hereditaria

348 1466 682 1532 deducitur
725 1467 794 1531 in
850 1466 974 1531 hoc
1028 1467 1355 1532 iudicium.
1447 1466 1664 1551 itaque
1720 1468 1773 1531 si
1820 1488 1950 1532 non
2008 1489 2190 1532 suam
2244 1490 2381 1532 rem

348 1576 421 1621 eo
469 1556 661 1620 modo
708 1560 979 1622 testator
1022 1558 1354 1643 legauerit‚
1397 1554 1405 1643 Ι
1445 1556 1583 1621 iure
1631 1556 1889 1639 quidem
1935 1555 2116 1620 ciuili
2151 1555 2382 1622 inutile

347 1647 469 1711 erit
513 1646 825 1731 legatum,
881 1646 991 1711 sed
1049 1668 1128 1710 ex
1192 1649 1451 1711 senatus
1517 1647 1809 1711 consulto
1877 1646 2381 1711 confirmabitur.

346 1732 602 1818 aliquo⁸
646 1740 862 1800 tamen
919 1758 1071 1800 casu
1125 1736 1320 1801 etiam
1387 1735 1657 1800 alienam
1712 1756 1847 1800 rem
1903 1756 2020 1817 per
2081 1756 2383 1821 praecep-

345 1825 590 1889 tionem
634 1824 838 1911 legari
884 1846 1075 1909 posse
1130 1824 1442 1890 fatentur:
1498 1824 1706 1889 ueluti
1753 1824 1806 1887 si
1855 1824 1999 1908 quis
2056 1846 2193 1887 eam
2241 1847 2381 1890 rem

344 1912 659 2000 legauerit
672 1963 690 1997 ,
738 1936 930 1998 quam
978 1913 1275 1978 creditori
1329 1915 1602 1979 fiduciae
1657 1935 1847 1979 causa
1899 1912 2220 1997 mancipio
2278 1914 2381 1978 de-

345 2003 539 2087 derit3
584 2025 736 2068 nam
784 2003 999 2068 officio
1048 2003 1281 2069 iudicis
1332 2003 1675 2068 coheredes
1720 2004 1866 2087 cogi
1911 2024 2101 2087 posse
2161 2002 2380 2069 existi-

344 2096 525 2156 mant
571 2092 781 2157 soluta
826 2092 1098 2176 pecunia
1141 2091 1357 2158 luere*
1393 2114 1533 2157 eam
1577 2114 1730 2174 rem,
1776 2097 1851 2156 ut
1886 2093 2094 2176 possit
2138 2093 2381 2175 praeci·

342 2204 494 2265 pere
521 2178 631 2266 is⁵‚
659 2181 764 2246 cui
795 2182 888 2245 ita
923 2182 1208 2267 legatum
1240 2183 1342 2247 sit.
1426 2181 1554 2247 221.
1595 2180 1721 2246 Sed
1758 2181 2046 2246 diuersae
2083 2181 2382 2246 scholae⁶

344 2274 634 2335 auctores
708 2274 939 2354 putant
1012 2272 1207 2335 etiam
1289 2274 1592 2336 extraneo
1666 2293 1781 2354 per
1859 2272 2380 2354 praeceptionem

343 2360 545 2446 legari
602 2381 820 2444 posse,
875 2359 1147 2444 proinde
1194 2382 1268 2425 ac
1314 2361 1370 2424 si
1415 2359 1509 2425 ita
1568 2359 1909 2425 scribatur:
1976 2377 2205 2425 T1T1vs
2253 2378 2381 2426 Ho-

342 2466 574 2513 MINEM
620 2465 929 2514 STIGHVM
978 2466 1252 2534 οΑΡῙΤο,
1300 2470 1697 2533 superuacuo
1744 2449 1993 2515 adiecta
2029 2465 2209 2513 PRAE
2251 2450 2379 2534 syl-

340 2538 515 2623 laba3
589 2538 862 2622 ideoque
933 2561 1049 2622 per
1121 2538 1624 2604 uindicationem
1688 2561 1827 2604 eam
1888 2560 2019 2604 rem
2091 2539 2379 2625 legatam

340 2627 574 2692 uideri:
641 2650 804 2712 quae
867 2629 1187 2693 sententia
1256 2629 1491 2694 dicitur
1558 2629 1693 2693 diui
1754 2627 2068 2693 Hadriani
2140 2631 2381 2694 consti-

487 2859 536 2925 1)
576 2874 703 2911 cum
739 2857 808 2911 V.
990 2860 1042 2927 2)
1081 2858 1231 2926 quod
1270 2858 1338 2912 V.
1520 2859 1574 2927 3)
1612 2856 1844 2926 aliquod
1881 2856 1947 2911 V.
2093 2859 2147 2925 4)
2185 2857 2380 2913 soluta

338 2929 582 2998 pecunia
637 2928 789 2985 luere
836 2930 1181 2985 Lachmann.
1257 2928 1501 2984 solutam
1553 2928 1852 2999 pecuniam
1907 2928 2124 2983 soluere
2161 2929 2229 2983 V.

341 3004 393 3072 5)
432 3000 755 3070 praecipere
792 3000 841 3055 is
883 3002 1171 3056 Goeschen.
1235 3000 1525 3070 percipere
1564 3000 1616 3055 ei
1652 3001 1719 3054 V.
1884 3002 1937 3070 6)
1977 3000 2075 3055 sed
2114 3000 2377 3056 diuersae

339 3071 587 3144 scholae]
628 3076 685 3126 et
723 3071 936 3126 diuelse
975 3071 1121 3128 soles
1158 3072 1223 3126 V.

479 3257 510 3317 ὅ
550 3256 670 3305 219.
737 3251 804 3318 ef.
870 3252 1100 3321 Theoph.
1159 3257 1209 3315 2,
1239 3255 1325 3318 20,
1356 3257 1387 3303 2
1444 3253 1526 3320 (p.
1558 3255 1658 3305 207
1682 3251 1878 3318 Ferox).
1956 3250 2119 3305 Paul.
2160 3255 2211 3317 3,
2242 3256 2293 3318 6,
2326 3257 2376 3305 1.

335 3325 413 3378 D.
455 3328 539 3390 10,
570 3329 620 3390 2,
651 3328 736 3390 22,
769 3329 795 3376 1
836 3324 990 3391 (Ulp.
1032 3324 1174 3391 635).
1233 3327 1319 3388 30,
1351 3327 1435 3391 17,
1465 3328 1496 3376 2
1535 3322 1689 3391 (Uzp.
1730 3323 1906 3390 2534).

480 3400 510 3461 ς
550 3399 669 3448 220.
727 3395 796 3461 cf.
838 3395 959 3461 Uzp.
1000 3398 1199 3461 24,11.
1257 3394 1333 3447 D.
1376 3399 1461 3462 10,
1490 3400 1540 3462 2,
1570 3399 1637 3448 28
1676 3394 1828 3463 (Gai.
1861 3395 2000 3461 195).
2042 3394 2100 3449 0.
2140 3399 2192 3461 6,
2220 3399 2310 3462 42,
2341 3400 2375 3448 c

338 3468 410 3533 (a.
450 3469 591 3534 224).
658 3481 726 3589 gx
780 3468 1007 3520 senatus
1064 3464 1342 3536 consulto]
1401 3466 1471 3533 cf.
1508 3482 1683 3536 supra
1720 3472 1771 3533 2,
1802 3470 1921 3520 197.
1978 3464 2243 3538 fiduciae]
2299 3467 2375 3533 cf.

337 3553 510 3605 supra
546 3541 598 3604 2,
627 3541 659 3588 6
700 3577 711 3588 .
