2650 3917
370 154 505 219 310
962 154 1088 209 GAI
1121 154 1383 210 INSTIT.
1419 155 1500 209 ΙΠ
1535 160 1835 209 158-161.

368 319 494 384 158.
540 317 705 385 Item
751 319 807 385 si
853 320 999 403 quis
1044 320 1203 401 quid
1244 322 1399 402 post
1451 322 1726 383 mortem
1779 341 1990 384 meam
2041 319 2409 385 faciendum

369 408 564 474 mihil
608 409 894 491 mandet,
939 408 1172 473 inutile
1216 408 1592 473 mandatum
1638 412 1762 491 est,
1808 409 1963 492 quia
2016 411 2409 493 generaliter

369 498 616 582 placuit
660 499 741 562 ab
786 497 1040 562 heredis
1089 519 1369 581 persona
1421 497 1883 583 obligationem
1937 499 2221 583 incipere
2274 521 2407 564 non

367 609 573 671 posse.
634 588 760 652 159.
800 586 925 652 Sed
959 591 1135 653 recte
1172 608 1432 671 quoque
1466 586 1882 652 contradam
1916 588 2312 673 mandatum,
2349 591 2406 653 si

369 677 523 741 dum
559 676 772 742 adhuc
805 679 1058 762 integra
1092 699 1196 741 res
1234 678 1338 760 sit,
1382 681 1756 741 reuocatum
1800 678 2017 762 fuerit,
2065 680 2406 744 euanescit.

368 766 494 831 160.
522 764 688 831 Item
717 768 773 830 si
801 766 1010 830 adhuc
1037 767 1291 852 integro
1318 764 1661 830 mandato³
1686 788 1861 831 mors
1889 767 2266 833 alterutrius
2293 768 2409 833 ali-

368 857 552 921 cuius
589 856 998 938 interueniat,
1033 855 1102 919 id
1139 858 1238 919 est
1264 855 1373 920 uel
1398 855 1554 939 eius,
1592 855 1706 938 qm'
1732 857 2070 939 mandarit,
2108 857 2216 921 uel
2248 858 2406 942 eius,

370 943 521 1028 qui*
556 945 933 1010 mandatum
970 946 1343 1028 susceperit,
1380 906 1662 1009 soluitur
1694 945 2096 1029 mandatum3
2133 947 2247 1011 sed
2283 948 2405 1013 uti-

368 1032 575 1098 litatis
623 1056 816 1100 causa
859 1038 1190 1119 receptum
1236 1037 1353 1119 est,
1397 1037 1474 1098 ut
1517 1034 1574 1098 si
1618 1038 1877 1099 mortuo
1930 1056 2025 1119 eo,
2082 1037 2195 1120 qui
2241 1036 2406 1102 mihi

369 1124 791 1207 mandauerit,
834 1123 1143 1209 ignorans
1196 1146 1347 1188 eum
1402 1123 1753 1188 decessisse
1817 1128 2155 1190 exsecutus
2219 1126 2403 1191 fuero

368 1213 760 1297 mandatum,
806 1235 999 1297 posse
1043 1210 1184 1277 me⁵
1219 1235 1410 1299 agere
1454 1213 1742 1277 mandati
1787 1214 2067 1299 actione3
2113 1215 2407 1299 alioquin

369 1302 543 1366 iusta
587 1305 653 1367 et
697 1302 1053 1386 probabilis
1099 1302 1467 1388 ignorantia
1510 1303 1812 1366 damnum
1860 1303 2024 1368 mihi
2069 1302 2258 1390 [non]
2297 1306 2406 1369 ad-

367 1390 547 1456 feret.
639 1395 707 1455 et
749 1390 904 1457 huic
958 1392 1167 1455 simile
1221 1396 1349 1474 est,
1404 1392 1576 1475 quod
1638 1391 1965 1476 plerisque
2028 1395 2303 1477 placuit,
2347 1395 2405 1459 si

369 1480 624 1546 debitor
684 1502 864 1546 meus
932 1481 1324 1546 manumisso
1392 1481 1818 1564 dispensatori
1871 1504 2016 1546 meo
2061 1503 2179 1567 per
2221 1484 2405 1570 igno-

367 1570 645 1634 rantiam
705 1570 997 1653 soluerit,
1051 1570 1312 1634 liberari
1369 1590 1546 1653 eum,
1608 1592 1758 1636 cum
1822 1571 2116 1655 alioquin
2178 1574 2406 1638 stricta

367 1658 527 1724 iuris
590 1660 843 1724 ratione
906 1682 1039 1725 non
1099 1657 1359 1742 posset⁶
1402 1658 1664 1724 liberari
1710 1681 1786 1724 eo
1794 1711 1812 1744 ,
1877 1661 2051 1744 quod
2107 1660 2217 1725 alii
2281 1663 2405 1728 sol-

368 1748 589 1832 uisset,
636 1771 828 1833 quam
864 1750 970 1814 cui
1016 1749 1268 1814 soluere
1321 1747 1599 1813 deberet.
1689 1749 1807 1814 161.
1857 1748 2020 1814 Cum
2065 1753 2284 1815 autem
2330 1755 2406 1836 is,

368 1839 473 1902 cui
519 1841 693 1903 recte
737 1839 1198 1921 mandauerim‚
1244 1859 1540 1923 egressus
1586 1836 1783 1903 fuerit
1827 1840 2233 1924 mandatum,
2280 1864 2404 1928 ego

369 1927 630 2011 quidem
645 1926 668 1964 ⁷
732 1932 996 1992 eatenus
1070 1950 1217 1993 cum
1283 1949 1359 1991 eo
1432 1926 1640 1991 habeo
1712 1929 2000 1993 mandati
2063 1931 2406 2016 actionem,

512 2124 565 2192 1)
602 2123 781 2191 suppl.
823 2123 941 2176 Hu.
1219 2123 1272 2190 2)
1311 2121 1664 2175 contractum
1698 2121 1839 2176 Inst.
1877 2125 2301 2178 consummatur
2335 2125 2406 2179 V.

368 2197 788 2247 consummatur
840 2194 942 2248 del.
981 2194 1099 2247 Hu.
1301 2195 1356 2262 3)
1392 2192 1723 2246 mandatum
1758 2192 1826 2246 V.
2025 2198 2081 2262 4)
2118 2194 2212 2248 cui
2248 2195 2316 2249 V.

367 2267 421 2404 ξ»)
459 2280 758 2404 ggpgevrne
806 2263 873 2317 V.
910 2266 1051 2320 Inst.
1126 2280 1350 2333 possem
1390 2264 1757 2320 Gradenwitz.
1975 2267 2027 2335 6)
2064 2270 2300 2336 possent
2335 2268 2404 2323 V.

509 2484 540 2543 ς
580 2483 700 2532 158.
755 2480 823 2546 ef.
852 2495 1027 2548 supra
1056 2484 1258 2546 3,100.
1314 2480 1390 2533 D.
1423 2484 1508 2546 17,
1541 2485 1587 2545 1,
1619 2484 1684 2533 13
1723 2479 1876 2544 (Gai.
1916 2483 2057 2547 232).
2120 2486 2202 2547 17,
2237 2487 2284 2546 1,
2317 2488 2405 2550 12,

509 2627 540 2686 ς
581 2627 699 2675 159.
741 2553 806 2668 =)
836 2624 883 2676 Ι.
925 2626 976 2690 3,
1005 2627 1092 2689 26,
1124 2627 1170 2674 9.
1245 2622 1316 2688 cf.
1361 2622 1476 2676 Gai
1508 2623 1636 2690 epit.
1677 2627 1922 2688 2,9,19.
2001 2624 2076 2677 D.
2117 2629 2404 2692 17,1,12,

368 2698 435 2746 16
473 2694 630 2763 (Uzp.
672 2696 813 2755 912).
868 2699 956 2760 46,
986 2699 1037 2761 3,
1068 2699 1153 2760 12,
1183 2700 1214 2745 2
1254 2694 1409 2763 (Ulp.
1448 2695 1627 2762 2736).
1694 2664 1777 2758 1'7,
1792 2664 1859 2762 '1,
1889 2699 1956 2747 15
1994 2695 2181 2762 (Paul
2223 2666 2406 2766 1669).

509 2768 1244 2831 §160.=1.,3,2610.
1320 2766 1389 2830 ef.
1451 2765 1743 2833 Gaiepit.
1792 2736 2038 2831 2‚’9,.19
2113 2766 2187 2820 D.
2234 2771 2320 2833 17,
2355 2775 2405 2833 1,

367 2842 513 2902 34,1
564 2837 713 2905 (Afr
755 2837 860 2904 92).
930 2842 1012 2903 17,
1045 2843 1093 2903 1,
1116 2807 1210 2902 27,
1241 2841 1271 2889 9
1321 2837 1475 2903 (Gai
1516 2838 1657 2905 232)
1737 2842 1818 2901 17,
1852 2843 1899 2903 1,
1930 2844 1995 2890 57
2054 2839 2216 2907 (Pap.
2258 2808 2405 2909 639).

366 2913 452 2974 39,
483 2911 532 2973 5,
565 2913 648 2972 19,
679 2913 710 2960 3
741 2909 894 2978 (mp.
926 2879 1103 2978 1689).
1145 2878 1228 2974 17’,
1259 2914 1308 2974 1,
1339 2913 1538 2975 2616νῆ
1581 2915 1605 2958 1
1648 2878 1835 2977 (Pani.
1865 2911 2007 2978 488).
2049 2914 2404 2980 17,1,58ρν.

366 2980 553 3049 (Paul.
595 2950 772 3049 1316).
829 2986 879 3046 2,
914 2987 960 3046 1,
991 2986 1021 3033 6
1070 2981 1256 3050 (Paul.
1297 2981 1402 3047 96).
1461 2984 1545 3044 17,
1576 2984 1626 3045 2,
1656 2982 1742 3045 65,
1775 2984 1840 3032 10
1887 2982 2255 3049 (1311141495).

367 3057 551 3118 3,108
590 3053 779 3121 (Paul.
820 3054 996 3122 1016).
1056 3052 1114 3105 0.
1153 3057 1203 3117 4,
1234 3056 1319 3117 35,
1353 3055 1419 3104 15
1458 3051 1531 3118 (a.
1572 3053 1713 3119 294).
1789 3054 1848 3104 et
1901 3050 2033 3104 huic
2087 3051 2273 3106 simile
2314 2987 2407 3107 est,

365 3094 484 3195 οἱα]
521 3125 590 3190 ef.
623 3125 698 3178 D.
732 3129 815 3189 12,
846 3130 896 3190 1,
926 3129 990 3176 41
1023 3124 1171 3192 (Afr.
1189 3093 1319 3192 ’85).’
1356 3127 1443 3186 46,
1474 3127 1523 3188 9,
1554 3128 1620 3176 18
1659 3129 1712 3177 et
1747 3128 1831 3187 16,
1862 3128 1911 3188 3,
1942 3128 2008 3174 11
2047 3123 2202 3192 (mp.
2224 3129 2405 3189 2869).

364 3201 452 3261 46,
483 3201 533 3261 3,
564 3199 629 3248 51
690 3196 877 3264 (Paul.
919 3197 1058 3264 178).
1137 3194 1193 3248 G.
1242 3200 1292 3260 8,
1322 3198 1391 3246 42
1413 3194 1540 3263 (43),
1571 3199 1602 3247 3
1659 3195 1732 3263 (a.
1773 3197 1914 3264 238).
1998 3194 2403 3267 dispensatori]

365 3270 435 3334 cf.
473 3284 649 3336 supra
690 3273 737 3333 1,
771 3271 871 3320 122
910 3267 947 3319 i.
977 3266 1019 3332 f.

509 3344 539 3403 ξ
581 3344 699 3391 161.
773 3338 843 3403 cf.
882 3339 931 3392 Ι.
973 3342 1022 3403 3,
1053 3343 1137 3403 26,
1168 3343 1218 3391 8.
1297 3336 1414 3391 Gai
1459 3338 1585 3405 epit.
1626 3342 1676 3402 2,
1707 3342 1756 3403 9,
1786 3342 1870 3390 20.
1945 3338 2111 3391 Paul.
2151 3345 2201 3404 2,
2234 3343 2318 3404 15,
2349 3344 2404 3392 3.

366 3410 443 3463 D.
485 3414 569 3474 17,
602 3415 649 3474 1,
681 3413 748 3461 99
789 3409 919 3477 (Iul.
950 3411 1091 3477 868).
1153 3414 1236 3474 17,
1268 3413 1316 3473 1,
1348 3413 1381 3460 4
1418 3408 1571 3475 (Gai.
1603 3410 1744 3478 504).
1806 3414 1889 3475 17,
1920 3415 1968 3474 1,
1998 3414 2065 3463 41
2106 3409 2259 3478 (Gai.
2289 3413 2402 3480 89).

371 3484 454 3544 17,
486 3485 534 3544 1,
565 3485 614 3544 3,
645 3485 675 3531 2
734 3480 921 3547 (Paul.
959 3481 1102 3549 485).
1180 3484 1264 3545 17,
1298 3486 1346 3545 1,
1377 3484 1512 3549 51η.
1537 3512 1598 3519 -
1624 3486 1683 3546 3;
1722 3486 1754 3533 5
1798 3482 1984 3549 (Paul.
2024 3483 2166 3549 485).
2234 3488 2319 3548 17,
2353 3488 2405 3550 1,

368 3554 436 3602 22
448 3565 566 3618 pm
610 3556 635 3602 1
677 3550 862 3617 (Paul.
901 3552 1043 3619 487).
1105 3551 1241 3607 Gen.
1283 3557 1332 3617 1,
1364 3557 1447 3605 13.
