2650 3917
798 132 871 188 Μ.
910 131 1235 186 VALERIV
1239 131 1273 186 S
1312 130 1663 192 MESSALA.
2151 130 2236 196 47

198 297 451 381 populo
495 297 631 383 agi,
681 296 953 380 ideoque
1007 295 1314 359 nundinis
1361 294 1802 360 Romanorum
1854 295 2081 360 haberi
2136 315 2242 360 co·

200 385 388 450 mitia
431 406 564 450 non
610 406 818 470 posse.
867 422 951 431 ——
999 385 1283 450 Maorob.
1329 383 1462 450 Sat.
1506 385 1563 468 1,
1603 384 1704 467 16,
1742 384 1845 449 29.

337 474 394 539 2.
444 472 678 539 Caesar
731 476 802 539 in
855 473 1300 559 auguralibus:
1360 472 1454 538 ‘Si
1509 473 1757 539 sincera
1808 495 2005 559 pecus
2062 474 2239 539 erat'.

200 600 288 610 —
337 564 656 630 Priscian.
697 562 756 647 6,
798 563 901 647 16,
939 562 1024 627 86
1058 584 1129 646 Ρ.
1168 562 1300 627 270
1347 563 1559 628 Hertz.

338 653 393 718 3.
440 651 512 718 L.
552 650 811 718 Caesar:
861 650 1238 737 ‘Cottaeque
1274 675 1377 717 res
1424 651 1848 739 augurantur’
1885 654 2241 718 οἰωνοσκο·
2295 677 2319 718 5

197 751 506 807 ποῦνται.
554 779 638 787 -
687 742 1009 807 Priscian.
1049 741 1109 825 8,
1145 742 1208 824 4,
1249 740 1333 805 15
1368 762 1437 823 Ρ.
1477 741 1609 807 380
1656 741 1871 806 Hertz.

334 831 393 897 4.
441 830 757 896 Maiorem
789 831 1118 898 consulem
1148 829 1219 895 L.
1244 828 1477 896 Caesar
1513 833 1700 915 putat
1737 829 1900 895 dici¹
1938 829 2044 893 uel
2073 851 2238 914 eum,

198 941 397 1003 penes
437 942 628 1004 quem
666 920 874 986 fasces
921 921 1073 1004 sint,
1117 919 1226 985 uel
1271 942 1438 1004 eum,
1485 920 1597 1005 qui
1642 922 1824 1004 prior
1866 919 2078 985 factus
2126 919 2237 1003 sit3

195 1014 562 1094 praetorem
610 1013 826 1074 autem
874 1010 1182 1074 maiorem
1237 1009 1588 1092 urbanum,
1642 1010 1920 1074 minores
1975 1012 2237 1076 ceteros.

198 1136 284 1144 —
332 1098 500 1164 Fest.
546 1121 601 1163 v.
647 1100 951 1165 maiorem
981 1120 1054 1181 Ρ.
1097 1098 1241 1165 161.
2267 1124 2322 1164 10

703 1293 790 1359 M.
835 1292 1282 1360 VALERIVS
1331 1291 1739 1358 MESSALA

977 1400 1111 1468 (cos.
1150 1415 1199 1451 a.
1236 1416 1292 1452 u.
1337 1400 1476 1467 701).

955 1523 1079 1578 DE
1112 1523 1168 1577 A
1182 1523 1367 1579 VSPI
1364 1523 1449 1578 01
1449 1522 1522 1578 IS

330 1632 379 1698 1.
429 1631 639 1716 Super
685 1632 807 1698 hac
844 1655 912 1697 re
957 1633 1118 1697 meis
1164 1613 1383 1697 uerbis
1420 1631 1516 1697 nil
1550 1654 1714 1735 opus
1751 1632 1898 1717 fuit,
1935 1634 2236 1715 quoniam

194 1719 364 1787 liber
423 1721 510 1787 M.
550 1721 865 1787 Messalae
919 1722 1182 1806 auguris
1246 1721 1324 1786 de
1382 1721 1688 1804 auspiciis
1750 1721 2023 1805 primus,
2089 1743 2235 1787 cum
2265 1746 2322 1788 15

196 1810 322 1876 1100
378 1812 831 1894 scriberemuS,
883 1811 1053 1876 forte
1107 1810 1335 1874 adfuit.
1423 1814 1766 1895 propterea
1811 1832 1886 1874 ex
1936 1832 2011 1874 eo
2066 1810 2234 1876 libro

197 1901 397 1966 uerba
487 1900 692 1984 ipsius
774 1862 1088 1964 Messalae
1171 1899 1692 1984 subscripsimus.
1787 1899 2236 1968 ‘Patriciorum

198 1989 486 2074 auspicia
530 1990 601 2054 in
647 1991 804 2054 duas
849 1992 1003 2053 sunt
1045 1989 1253 2055 diuisa
1295 1991 1670 2073 potestates.
1762 1991 2041 2054 maxima
2085 1993 2238 2054 sunt

200 2078 560 2162 consulum,
604 2081 993 2163 praetorum,
1040 2099 1396 2143 censorum.
1486 2099 1695 2161 neque
1750 2083 1966 2144 tamen
2015 2100 2236 2144 eorum

200 2169 488 2233 omnium
516 2170 686 2233 inter
713 2190 780 2233 se
808 2167 1027 2232 eadem
1056 2171 1169 2232 aut
1196 2167 1482 2234 eiusdem
1510 2168 1873 2253 potestatis,
1889 2167 2032 2232 ideo
2062 2167 2236 2251 quod
2264 2193 2323 2234 so

201 2259 507 2344 conlegae
551 2279 686 2322 non
731 2260 882 2321 sunt
927 2277 1222 2322 censores
1285 2256 1622 2323 consulum
1681 2260 1796 2321 aut
1848 2261 2237 2342 praetorum,

199 2351 529 2429 praetores
560 2346 897 2411 consulum
927 2350 1094 2410 sunt.
1175 2345 1320 2412 ideo
1351 2367 1559 2430 neque
1591 2345 1889 2411 consules
1918 2350 2030 2410 aut
2056 2368 2236 2430 prae·

198 2439 370 2500 tores
416 2436 792 2506 censoribus
838 2456 1047 2519 neque
1106 2456 1403 2501 censores
1460 2435 1836 2502 consulibus
1891 2440 2005 2500 aut
2056 2458 2235 2519 prae-

198 2524 448 2590 toribus
484 2524 751 2590 turbant
786 2527 900 2588 aut
944 2527 1224 2589 retinent
1272 2524 1583 2610 auspicia3
1630 2529 1699 2589 at
1736 2546 2030 2592 censores
2067 2525 2236 2590 inter

199 2634 282 2698 se,
325 2635 553 2679 rursus
598 2617 924 2699 praetores
980 2614 1405 2697 consulesque
1450 2616 1621 2679 inter
1666 2636 1733 2679 se
1779 2617 1846 2679 et
1888 2613 2125 2679 uitiant
2171 2619 2236 2679 et
2263 2641 2321 2681 π)

200 2702 512 2768 obtinent.
604 2705 863 2787 praetor
935 2705 1058 2769 etsi
1131 2704 1403 2788 conlega
1475 2705 1756 2769 consulis
1830 2707 1953 2788 est,
2025 2724 2235 2786 neque

197 2795 560 2876 praetorem
604 2814 814 2877 neque
859 2793 1187 2858 consulem
1232 2794 1373 2857 iure
1417 2813 1646 2878 rogare
1689 2796 1932 2875 potest,
1978 2796 2053 2855 ut
2100 2794 2234 2874 qui-

201 2880 340 2946 dem
404 2902 527 2946 nos
590 2902 629 2945 a
703 2882 1139 2966 superioribus
1214 2881 1579 2965 accepimus
1644 2878 1792 2945 aut'
1856 2885 2005 2947 ante
2076 2881 2236 2945 haec

200 2972 490 3055 tempora
535 2974 864 3036 seruatum
911 2975 1008 3036 est
1044 2975 1109 3036 et
1138 2974 1219 3053 ut
1265 2970 1336 3034 in
1383 2971 1844 3036 commentario
1892 2971 2084 3035 tertio
2133 2970 2233 3034 de-

201 3062 362 3124 cimo
411 3057 479 3125 C.
518 3058 828 3126 Tuditani
871 3064 1068 3145 patet,
1115 3060 1270 3144 quia
1312 3060 1658 3144 imperium
1695 3060 1909 3125 minus
1957 3064 2233 3145 praetor,
2260 3085 2322 3126 so

201 3150 401 3214 maius
448 3148 649 3214 habet
708 3151 962 3233 consul,
1021 3154 1087 3214 et
1132 3172 1170 3214 a
1229 3150 1477 3214 minore
1537 3150 1807 3233 imperio
1867 3151 2077 3215 maius
2123 3154 2236 3214 aut

204 3304 326 3361 libri
359 3283 645 3363 &wimadi
669 3307 798 3361 sint.
876 3306 932 3362 0.
966 3307 1193 3363 Caesari
1228 3308 1490 3362 dictatori
1521 3308 1697 3364 tribui
1730 3324 1845 3362 non
1872 3324 2032 3377 posse
2068 3310 2233 3363 etiam

203 3377 333 3431 vidit
383 3378 712 3448 Nifferdey
764 3378 830 3431 in
882 3378 961 3432 ed.
1021 3379 1274 3433 Caesaris
1318 3396 1379 3447 Ρ.
1413 3380 1557 3435 785’.
1606 3381 1723 3435 Ha
1873 3380 1925 3448 1)
1967 3379 2126 3448 puta
2170 3380 2234 3433 i‘n

206 3464 463 3519 ουριιηιε.
504 3449 655 3506 Foet.
692 3466 744 3504 v.
775 3451 998 3504 remisso
1033 3452 1271 3512 excercitu
1309 3467 1370 3518 Ρ.
1401 3455 1532 3518 290,
1586 3453 1743 3519 infra
1782 3452 1844 3504 in
1901 3451 1987 3504 M.
2024 3451 2238 3505 Antist

209 3517 446 3576 Labeone
477 3527 545 3576 18
574 3538 634 3591 Ρ.
669 3521 780 3575 58’.
820 3522 937 3575 Ha.
1084 3525 1138 3591 2)
1176 3523 1233 3575 et
1269 3521 1578 3591 Scioppius.
