<?xml version="1.0" encoding="UTF-8"?>
<!DOCTYPE html PUBLIC "-//W3C//DTD XHTML 1.0 Transitional//EN"
    "http://www.w3.org/TR/xhtml1/DTD/xhtml1-transitional.dtd">
<html xmlns="http://www.w3.org/1999/xhtml" xml:lang="en" lang="en">
 <head>
  <title>
</title>
<meta http-equiv="Content-Type" content="text/html;charset=utf-8" />
  <meta name='ocr-system' content='tesseract 3.04.00' />
  <meta name='ocr-capabilities' content='ocr_page ocr_carea ocr_par ocr_line ocrx_word'/>
</head>
<body>
  <div class='ocr_page' id='page_1' title='image "./ivrisprvdentiae00kbgoog/ivrisprvdentiae00kbgoog_0149.png"; bbox 0 0 2650 3917; ppageno 0'>
   <div class='ocr_carea' id='block_1_1' title="bbox 571 130 2283 200">
    <p class='ocr_par' dir='ltr' id='par_1_1' title="bbox 571 130 2283 200">
     <span class='ocr_line' id='line_1_1' title="bbox 571 130 2283 200; baseline 0.009 -16"><span class='ocrx_word' id='word_1_1' title='bbox 571 131 669 184; x_wconf 91' lang='lat' dir='ltr'><strong>AD</strong></span> <span class='ocrx_word' id='word_1_2' title='bbox 711 130 886 186; x_wconf 76' lang='lat' dir='ltr'><strong>GAJV</strong></span> <span class='ocrx_word' id='word_1_3' title='bbox 887 132 946 185; x_wconf 84' lang='lat' dir='ltr'>M</span> <span class='ocrx_word' id='word_1_4' title='bbox 982 131 1338 187; x_wconf 79' lang='lat' dir='ltr'><strong>PRAEFAT.</strong></span> <span class='ocrx_word' id='word_1_5' title='bbox 1377 132 1725 188; x_wconf 83' lang='lat' dir='ltr'>HVSCHKII</span> <span class='ocrx_word' id='word_1_6' title='bbox 1755 134 1873 189; x_wconf 85' lang='grc' dir='ltr'><strong>ΕΙ).</strong></span> <span class='ocrx_word' id='word_1_7' title='bbox 1909 134 1950 189; x_wconf 83' lang='grc' dir='ltr'><strong>Ι.</strong></span> <span class='ocrx_word' id='word_1_8' title='bbox 2156 135 2283 200; x_wconf 85' lang='grc'><strong>113</strong></span> 
     </span>
    </p>
   </div>
   <div class='ocr_carea' id='block_1_2' title="bbox 232 301 2324 1895">
    <p class='ocr_par' dir='ltr' id='par_1_2' title="bbox 235 301 2285 646">
     <span class='ocr_line' id='line_1_2' title="bbox 237 301 2283 378; baseline 0.001 -18"><span class='ocrx_word' id='word_1_9' title='bbox 237 320 394 378; x_wconf 87' lang='lat' dir='ltr'><strong>quae</strong></span> <span class='ocrx_word' id='word_1_10' title='bbox 440 303 506 359; x_wconf 91' lang='lat' dir='ltr'><strong>in</strong></span> <span class='ocrx_word' id='word_1_11' title='bbox 569 303 848 360; x_wconf 89' lang='lat' dir='ltr'><strong>contextu</strong></span> <span class='ocrx_word' id='word_1_12' title='bbox 901 319 938 359; x_wconf 93' lang='lat' dir='ltr'><strong>a</strong></span> <span class='ocrx_word' id='word_1_13' title='bbox 997 301 1199 361; x_wconf 88' lang='lat' dir='ltr'><strong>codice</strong></span> <span class='ocrx_word' id='word_1_14' title='bbox 1259 301 1458 360; x_wconf 87' lang='lat' dir='ltr'><strong>aliena</strong></span> <span class='ocrx_word' id='word_1_15' title='bbox 1518 305 1687 375; x_wconf 88' lang='lat' dir='ltr'><strong>sunt,</strong></span> <span class='ocrx_word' id='word_1_16' title='bbox 1754 306 1860 362; x_wconf 88' lang='lat' dir='ltr'><strong>aut</strong></span> <span class='ocrx_word' id='word_1_17' title='bbox 1911 303 1998 362; x_wconf 90' lang='lat' dir='ltr'><strong>ibi</strong></span> <span class='ocrx_word' id='word_1_18' title='bbox 2062 303 2283 364; x_wconf 82' lang='lat' dir='ltr'><strong>litteris</strong></span> 
     </span>
     <span class='ocr_line' id='line_1_3' title="bbox 235 389 2283 467; baseline 0 -16"><span class='ocrx_word' id='word_1_19' title='bbox 235 392 545 451; x_wconf 70' lang='lat' dir='ltr'><strong>mobinatis</strong></span> <span class='ocrx_word' id='word_1_20' title='bbox 591 389 798 450; x_wconf 89' lang='lat' dir='ltr'><strong>damus</strong></span> <span class='ocrx_word' id='word_1_21' title='bbox 847 392 955 449; x_wconf 91' lang='lat' dir='ltr'><strong>aut</strong></span> <span class='ocrx_word' id='word_1_22' title='bbox 998 391 1062 448; x_wconf 93' lang='lat' dir='ltr'><strong>in</strong></span> <span class='ocrx_word' id='word_1_23' title='bbox 1108 390 1267 448; x_wconf 90' lang='lat' dir='ltr'><strong>notis</strong></span> <span class='ocrx_word' id='word_1_24' title='bbox 1323 391 1702 467; x_wconf 80' lang='lat' dir='ltr'><strong>explicamus.</strong></span> <span class='ocrx_word' id='word_1_25' title='bbox 1796 410 1929 452; x_wconf 91' lang='lat' dir='ltr'><strong>cum</strong></span> <span class='ocrx_word' id='word_1_26' title='bbox 1984 394 2137 452; x_wconf 87' lang='lat' dir='ltr'><strong>nihil</strong></span> <span class='ocrx_word' id='word_1_27' title='bbox 2183 394 2283 453; x_wconf 91' lang='lat' dir='ltr'><strong>ad·</strong></span> 
     </span>
     <span class='ocr_line' id='line_1_4' title="bbox 236 478 2285 556; baseline 0 -15"><span class='ocrx_word' id='word_1_28' title='bbox 236 480 604 554; x_wconf 79' lang='lat' dir='ltr'><strong>notavimus,</strong></span> <span class='ocrx_word' id='word_1_29' title='bbox 631 478 1074 539; x_wconf 72' lang='lat' dir='ltr'><strong>emendationes</strong></span> <span class='ocrx_word' id='word_1_30' title='bbox 1104 480 1225 538; x_wconf 89' lang='lat' dir='ltr'><strong>fere</strong></span> <span class='ocrx_word' id='word_1_31' title='bbox 1254 498 1487 556; x_wconf 84' lang='lat' dir='ltr'><strong>semper</strong></span> <span class='ocrx_word' id='word_1_32' title='bbox 1513 483 1654 540; x_wconf 91' lang='lat' dir='ltr'><strong>sunt</strong></span> <span class='ocrx_word' id='word_1_33' title='bbox 1681 479 2023 543; x_wconf 84' lang='lat' dir='ltr'><strong>Goescheni.</strong></span> <span class='ocrx_word' id='word_1_34' title='bbox 2079 483 2285 542; x_wconf 86' lang='lat' dir='ltr'><strong>videas</strong></span> 
     </span>
     <span class='ocr_line' id='line_1_5' title="bbox 236 568 1751 646; baseline 0 -17"><span class='ocrx_word' id='word_1_35' title='bbox 236 572 424 629; x_wconf 89' lang='lat' dir='ltr'><strong>etiam</strong></span> <span class='ocrx_word' id='word_1_36' title='bbox 472 572 753 628; x_wconf 88' lang='lat' dir='ltr'><strong>notarum</strong></span> <span class='ocrx_word' id='word_1_37' title='bbox 798 568 1255 645; x_wconf 90' lang='lat' dir='ltr'><strong>explicationem</strong></span> <span class='ocrx_word' id='word_1_38' title='bbox 1300 569 1460 628; x_wconf 77' lang='lat' dir='ltr'><strong>infra</strong></span> <span class='ocrx_word' id='word_1_39' title='bbox 1504 589 1563 646; x_wconf 89' lang='lat' dir='ltr'><strong>p.</strong></span> <span class='ocrx_word' id='word_1_40' title='bbox 1607 572 1751 631; x_wconf 82' lang='lat'><strong>140.</strong></span> 
     </span>
    </p>

    <p class='ocr_par' dir='ltr' id='par_1_3' title="bbox 234 657 2286 826">
     <span class='ocr_line' id='line_1_6' title="bbox 372 657 2286 738; baseline 0.001 -21"><span class='ocrx_word' id='word_1_41' title='bbox 372 658 630 717; x_wconf 82' lang='lat' dir='ltr'><strong>Numeri</strong></span> <span class='ocrx_word' id='word_1_42' title='bbox 682 658 1112 736; x_wconf 85' lang='lat' dir='ltr'><strong>paginarum</strong></span> <span class='ocrx_word' id='word_1_43' title='bbox 1169 657 1443 718; x_wconf 89' lang='lat' dir='ltr'><strong>codicis</strong></span> <span class='ocrx_word' id='word_1_44' title='bbox 1488 661 1551 716; x_wconf 90' lang='lat' dir='ltr'><strong>in</strong></span> <span class='ocrx_word' id='word_1_45' title='bbox 1599 658 1880 719; x_wconf 79' lang='lat' dir='ltr'><strong>editionis</strong></span> <span class='ocrx_word' id='word_1_46' title='bbox 1925 662 2286 738; x_wconf 88' lang='lat' dir='ltr'><strong>paginarum</strong></span> 
     </span>
     <span class='ocr_line' id='line_1_7' title="bbox 234 747 1389 826; baseline -0.001 -19"><span class='ocrx_word' id='word_1_47' title='bbox 234 750 510 826; x_wconf 82' lang='lat' dir='ltr'><strong>margine</strong></span> <span class='ocrx_word' id='word_1_48' title='bbox 557 747 849 807; x_wconf 77' lang='lat' dir='ltr'><strong>exteriore</strong></span> <span class='ocrx_word' id='word_1_49' title='bbox 896 747 1187 823; x_wconf 73' lang='lat' dir='ltr'><strong>adscripti</strong></span> <span class='ocrx_word' id='word_1_50' title='bbox 1231 750 1389 807; x_wconf 90' lang='lat' dir='ltr'><strong>sunt.</strong></span> 
     </span>
    </p>

    <p class='ocr_par' dir='ltr' id='par_1_4' title="bbox 233 836 2285 1271">
     <span class='ocr_line' id='line_1_8' title="bbox 370 836 2280 939; baseline 0 -42"><span class='ocrx_word' id='word_1_51' title='bbox 370 837 672 897; x_wconf 85' lang='lat' dir='ltr'><strong>Locorum</strong></span> <span class='ocrx_word' id='word_1_52' title='bbox 729 836 1262 939; x_wconf 77' lang='lat' dir='ltr'><strong>parallelorum</strong></span> <span class='ocrx_word' id='word_1_53' title='bbox 1323 839 1710 913; x_wconf 87' lang='lat' dir='ltr'><strong>apparatum,</strong></span> <span class='ocrx_word' id='word_1_54' title='bbox 1755 837 1820 896; x_wconf 92' lang='lat' dir='ltr'><strong>in</strong></span> <span class='ocrx_word' id='word_1_55' title='bbox 1876 857 1994 914; x_wconf 89' lang='lat' dir='ltr'><strong>quo</strong></span> <span class='ocrx_word' id='word_1_56' title='bbox 2051 837 2280 897; x_wconf 90' lang='lat' dir='ltr'><strong>Husch-</strong></span> 
     </span>
     <span class='ocr_line' id='line_1_9' title="bbox 234 925 2285 1000; baseline -0 -13"><span class='ocrx_word' id='word_1_57' title='bbox 234 927 455 987; x_wconf 88' lang='lat' dir='ltr'><strong>kianae</strong></span> <span class='ocrx_word' id='word_1_58' title='bbox 512 925 793 985; x_wconf 73' lang='lat' dir='ltr'><strong>editionis</strong></span> <span class='ocrx_word' id='word_1_59' title='bbox 848 944 968 985; x_wconf 90' lang='lat' dir='ltr'><strong>non</strong></span> <span class='ocrx_word' id='word_1_60' title='bbox 1021 926 1271 984; x_wconf 90' lang='lat' dir='ltr'><strong>minima</strong></span> <span class='ocrx_word' id='word_1_61' title='bbox 1306 926 1398 986; x_wconf 83' lang='lat' dir='ltr'><strong>vis</strong></span> <span class='ocrx_word' id='word_1_62' title='bbox 1456 928 1756 1000; x_wconf 74' lang='lat' dir='ltr'><strong>consistit,</strong></span> <span class='ocrx_word' id='word_1_63' title='bbox 1812 928 2285 986; x_wconf 80' lang='lat' dir='ltr'><strong>examinavimus</strong></span> 
     </span>
     <span class='ocr_line' id='line_1_10' title="bbox 235 1015 2283 1091; baseline 0 -16"><span class='ocrx_word' id='word_1_64' title='bbox 235 1017 602 1075; x_wconf 86' lang='lat' dir='ltr'><strong>correximus</strong></span> <span class='ocrx_word' id='word_1_65' title='bbox 661 1016 961 1091; x_wconf 81' lang='lat' dir='ltr'><strong>auximus,</strong></span> <span class='ocrx_word' id='word_1_66' title='bbox 1017 1018 1333 1074; x_wconf 89' lang='lat' dir='ltr'><strong>auctorum</strong></span> <span class='ocrx_word' id='word_1_67' title='bbox 1386 1015 1534 1074; x_wconf 89' lang='lat' dir='ltr'><strong>iuris</strong></span> <span class='ocrx_word' id='word_1_68' title='bbox 1590 1017 1835 1075; x_wconf 85' lang='lat' dir='ltr'><strong>nomina</strong></span> <span class='ocrx_word' id='word_1_69' title='bbox 1891 1020 1953 1074; x_wconf 88' lang='lat' dir='ltr'><strong>et</strong></span> <span class='ocrx_word' id='word_1_70' title='bbox 2005 1035 2283 1076; x_wconf 88' lang='lat' dir='ltr'><strong>numeros</strong></span> 
     </span>
     <span class='ocr_line' id='line_1_11' title="bbox 233 1102 2285 1183; baseline 0 -19"><span class='ocrx_word' id='word_1_71' title='bbox 233 1105 685 1183; x_wconf 85' lang='lat' dir='ltr'><strong>palingenesiae</strong></span> <span class='ocrx_word' id='word_1_72' title='bbox 732 1104 1090 1163; x_wconf 88' lang='lat' dir='ltr'><strong>Lenelianae</strong></span> <span class='ocrx_word' id='word_1_73' title='bbox 1136 1102 1492 1179; x_wconf 84' lang='lat' dir='ltr'><strong>addidimus,</strong></span> <span class='ocrx_word' id='word_1_74' title='bbox 1537 1104 1699 1165; x_wconf 92' lang='lat' dir='ltr'><strong>locos</strong></span> <span class='ocrx_word' id='word_1_75' title='bbox 1756 1104 2078 1165; x_wconf 88' lang='lat' dir='ltr'><strong>secundum</strong></span> <span class='ocrx_word' id='word_1_76' title='bbox 2133 1108 2285 1165; x_wconf 90' lang='lat' dir='ltr'><strong>tem-</strong></span> 
     </span>
     <span class='ocr_line' id='line_1_12' title="bbox 233 1193 1216 1271; baseline -0.001 -18"><span class='ocrx_word' id='word_1_77' title='bbox 233 1196 400 1271; x_wconf 91' lang='lat' dir='ltr'><strong>poris</strong></span> <span class='ocrx_word' id='word_1_78' title='bbox 445 1195 745 1253; x_wconf 85' lang='lat' dir='ltr'><strong>rationem</strong></span> <span class='ocrx_word' id='word_1_79' title='bbox 790 1193 1216 1253; x_wconf 83' lang='lat' dir='ltr'><strong>ordinavimus.</strong></span> 
     </span>
    </p>

    <p class='ocr_par' dir='ltr' id='par_1_5' title="bbox 232 1281 2324 1895">
     <span class='ocr_line' id='line_1_13' title="bbox 370 1281 2324 1361; baseline 0.001 -19"><span class='ocrx_word' id='word_1_80' title='bbox 370 1281 489 1342; x_wconf 83' lang='lat' dir='ltr'><strong>Gai</strong></span> <span class='ocrx_word' id='word_1_81' title='bbox 527 1301 680 1358; x_wconf 87' lang='lat' dir='ltr'><strong>quae</strong></span> <span class='ocrx_word' id='word_1_82' title='bbox 726 1281 948 1341; x_wconf 89' lang='lat' dir='ltr'><strong>dicitur</strong></span> <span class='ocrx_word' id='word_1_83' title='bbox 991 1283 1406 1358; x_wconf 89' lang='lat' dir='ltr'><strong>epitomam‚</strong></span> <span class='ocrx_word' id='word_1_84' title='bbox 1453 1301 1506 1340; x_wconf 85' lang='lat' dir='ltr'><strong>a.</strong></span> <span class='ocrx_word' id='word_1_85' title='bbox 1548 1283 1673 1343; x_wconf 81' lang='lat'><strong>506</strong></span> <span class='ocrx_word' id='word_1_86' title='bbox 1723 1283 1787 1341; x_wconf 91' lang='lat' dir='ltr'><strong>in</strong></span> <span class='ocrx_word' id='word_1_87' title='bbox 1832 1283 2029 1361; x_wconf 85' lang='lat' dir='ltr'><strong>legem</strong></span> <span class='ocrx_word' id='word_1_88' title='bbox 2065 1283 2282 1343; x_wconf 84' lang='lat' dir='ltr'><strong>Roma·</strong></span> <span class='ocrx_word' id='word_1_89' title='bbox 2317 1329 2324 1333; x_wconf 89' lang='lat'>-</span> 
     </span>
     <span class='ocr_line' id='line_1_14' title="bbox 234 1369 2285 1451; baseline 0 -21"><span class='ocrx_word' id='word_1_90' title='bbox 234 1392 378 1432; x_wconf 92' lang='lat' dir='ltr'><strong>nam</strong></span> <span class='ocrx_word' id='word_1_91' title='bbox 424 1371 883 1448; x_wconf 88' lang='lat' dir='ltr'><strong>Visigothorum</strong></span> <span class='ocrx_word' id='word_1_92' title='bbox 943 1369 1261 1445; x_wconf 86' lang='lat' dir='ltr'><strong>insertam,</strong></span> <span class='ocrx_word' id='word_1_93' title='bbox 1325 1390 1462 1431; x_wconf 90' lang='lat' dir='ltr'><strong>cum</strong></span> <span class='ocrx_word' id='word_1_94' title='bbox 1505 1390 1626 1430; x_wconf 89' lang='lat' dir='ltr'><strong>non</strong></span> <span class='ocrx_word' id='word_1_95' title='bbox 1683 1390 1720 1430; x_wconf 91' lang='lat' dir='ltr'><strong>a</strong></span> <span class='ocrx_word' id='word_1_96' title='bbox 1766 1370 2128 1451; x_wconf 80' lang='lat' dir='ltr'><strong>visigothis,</strong></span> <span class='ocrx_word' id='word_1_97' title='bbox 2180 1373 2285 1432; x_wconf 88' lang='lat' dir='ltr'><strong>sed</strong></span> 
     </span>
     <span class='ocr_line' id='line_1_15' title="bbox 239 1460 2287 1537; baseline 0 -16"><span class='ocrx_word' id='word_1_98' title='bbox 239 1481 278 1521; x_wconf 89' lang='lat' dir='ltr'><strong>a</strong></span> <span class='ocrx_word' id='word_1_99' title='bbox 322 1460 612 1521; x_wconf 86' lang='lat' dir='ltr'><strong>Romanis</strong></span> <span class='ocrx_word' id='word_1_100' title='bbox 658 1461 897 1520; x_wconf 90' lang='lat' dir='ltr'><strong>saeculo</strong></span> <span class='ocrx_word' id='word_1_101' title='bbox 942 1460 1032 1519; x_wconf 88' lang='lat' dir='ltr'><strong>IV</strong></span> <span class='ocrx_word' id='word_1_102' title='bbox 1076 1461 1174 1519; x_wconf 85' lang='lat' dir='ltr'><strong>vel</strong></span> <span class='ocrx_word' id='word_1_103' title='bbox 1219 1461 1275 1517; x_wconf 91' lang='lat' dir='ltr'>V</span> <span class='ocrx_word' id='word_1_104' title='bbox 1319 1460 1566 1520; x_wconf 88' lang='lat' dir='ltr'><strong>redacta</strong></span> <span class='ocrx_word' id='word_1_105' title='bbox 1611 1479 1737 1521; x_wconf 90' lang='lat' dir='ltr'><strong>esse</strong></span> <span class='ocrx_word' id='word_1_106' title='bbox 1784 1461 2080 1537; x_wconf 89' lang='lat' dir='ltr'><strong>videatur,</strong></span> <span class='ocrx_word' id='word_1_107' title='bbox 2125 1462 2287 1521; x_wconf 87' lang='lat' dir='ltr'><strong>infra</strong></span> 
     </span>
     <span class='ocr_line' id='line_1_16' title="bbox 232 1548 2283 1633; baseline -0 -23"><span class='ocrx_word' id='word_1_108' title='bbox 232 1569 342 1611; x_wconf 88' lang='lat' dir='ltr'><strong>suo</strong></span> <span class='ocrx_word' id='word_1_109' title='bbox 406 1551 541 1609; x_wconf 91' lang='lat' dir='ltr'><strong>loco</strong></span> <span class='ocrx_word' id='word_1_110' title='bbox 588 1550 654 1607; x_wconf 87' lang='lat' dir='ltr'><strong>in</strong></span> <span class='ocrx_word' id='word_1_111' title='bbox 715 1550 829 1633; x_wconf 81' lang='lat' dir='ltr'><strong>hac</strong></span> <span class='ocrx_word' id='word_1_112' title='bbox 893 1548 1405 1626; x_wconf 90' lang='lat' dir='ltr'><strong>iurisprudentiae</strong></span> <span class='ocrx_word' id='word_1_113' title='bbox 1470 1550 1976 1610; x_wconf 86' lang='lat' dir='ltr'><strong>anteiustinianae</strong></span> <span class='ocrx_word' id='word_1_114' title='bbox 2046 1552 2283 1629; x_wconf 82' lang='lat' dir='ltr'><strong>sylloga</strong></span> 
     </span>
     <span class='ocr_line' id='line_1_17' title="bbox 236 1638 2284 1718; baseline 0 -20"><span class='ocrx_word' id='word_1_115' title='bbox 236 1638 532 1699; x_wconf 88' lang='lat' dir='ltr'><strong>edendam</strong></span> <span class='ocrx_word' id='word_1_116' title='bbox 605 1639 962 1699; x_wconf 88' lang='lat' dir='ltr'><strong>curabimus.</strong></span> <span class='ocrx_word' id='word_1_117' title='bbox 1061 1641 1209 1698; x_wconf 90' lang='lat' dir='ltr'><strong>item</strong></span> <span class='ocrx_word' id='word_1_118' title='bbox 1281 1640 1445 1718; x_wconf 84' lang='lat' dir='ltr'><strong>frag</strong></span> <span class='ocrx_word' id='word_1_119' title='bbox 1458 1642 1696 1699; x_wconf 89' lang='lat' dir='ltr'><strong>menta</strong></span> <span class='ocrx_word' id='word_1_120' title='bbox 1768 1641 2284 1716; x_wconf 86' lang='lat' dir='ltr'><strong>interpretationis</strong></span> 
     </span>
     <span class='ocr_line' id='line_1_18' title="bbox 234 1728 2283 1808; baseline -0 -20"><span class='ocrx_word' id='word_1_121' title='bbox 234 1728 941 1808; x_wconf 84' lang='lat' dir='ltr'><strong>Augustodunensia</strong></span> <span class='ocrx_word' id='word_1_122' title='bbox 997 1747 1189 1804; x_wconf 87' lang='lat' dir='ltr'><strong>nuper</strong></span> <span class='ocrx_word' id='word_1_123' title='bbox 1247 1730 1496 1787; x_wconf 83' lang='lat' dir='ltr'><strong>inventa</strong></span> <span class='ocrx_word' id='word_1_124' title='bbox 1549 1731 1711 1787; x_wconf 89' lang='lat' dir='ltr'><strong>inter</strong></span> <span class='ocrx_word' id='word_1_125' title='bbox 1767 1729 1992 1788; x_wconf 91' lang='lat' dir='ltr'><strong>saeculi</strong></span> <span class='ocrx_word' id='word_1_126' title='bbox 2036 1729 2093 1786; x_wconf 91' lang='lat' dir='ltr'><strong>V</strong></span> <span class='ocrx_word' id='word_1_127' title='bbox 2148 1731 2283 1789; x_wconf 88' lang='lat' dir='ltr'><strong>reli-</strong></span> 
     </span>
     <span class='ocr_line' id='line_1_19' title="bbox 233 1818 1039 1895; baseline -0.001 -18"><span class='ocrx_word' id='word_1_128' title='bbox 233 1818 409 1895; x_wconf 88' lang='lat' dir='ltr'><strong>quias</strong></span> <span class='ocrx_word' id='word_1_129' title='bbox 454 1818 803 1894; x_wconf 84' lang='lat' dir='ltr'><strong>recipienda</strong></span> <span class='ocrx_word' id='word_1_130' title='bbox 850 1821 1039 1876; x_wconf 87' lang='lat' dir='ltr'><strong>erunt.</strong></span> 
     </span>
    </p>
   </div>
   <div class='ocr_carea' id='block_1_3' title="bbox 234 1977 2284 2127">
    <p class='ocr_par' dir='ltr' id='par_1_6' title="bbox 234 1977 2284 2127">
     <span class='ocr_line' id='line_1_20' title="bbox 368 1977 2284 2053; baseline 0.001 -17"><span class='ocrx_word' id='word_1_131' title='bbox 368 1979 671 2052; x_wconf 88' lang='lat' dir='ltr'><strong>Berolini‚</strong></span> <span class='ocrx_word' id='word_1_132' title='bbox 727 1995 928 2036; x_wconf 92' lang='lat' dir='ltr'><strong>mense</strong></span> <span class='ocrx_word' id='word_1_133' title='bbox 975 1977 1176 2053; x_wconf 89' lang='lat' dir='ltr'><strong>Aprili</strong></span> <span class='ocrx_word' id='word_1_134' title='bbox 1224 1996 1276 2035; x_wconf 87' lang='lat' dir='ltr'><strong>a.</strong></span> <span class='ocrx_word' id='word_1_135' title='bbox 1321 1978 1491 2038; x_wconf 84' lang='lat'>1903</span> <span class='ocrx_word' id='word_1_136' title='bbox 1543 1981 1603 2037; x_wconf 87' lang='lat' dir='ltr'><strong>et</strong></span> <span class='ocrx_word' id='word_1_137' title='bbox 1654 1977 1872 2037; x_wconf 89' lang='lat' dir='ltr'><strong>iterum</strong></span> <span class='ocrx_word' id='word_1_138' title='bbox 1919 1996 2120 2037; x_wconf 88' lang='lat' dir='ltr'><strong>mense</strong></span> <span class='ocrx_word' id='word_1_139' title='bbox 2166 1977 2284 2038; x_wconf 89' lang='lat' dir='ltr'><strong>De-</strong></span> 
     </span>
     <span class='ocr_line' id='line_1_21' title="bbox 234 2068 798 2127; baseline -0.005 0"><span class='ocrx_word' id='word_1_140' title='bbox 234 2068 462 2127; x_wconf 89' lang='lat' dir='ltr'><strong>cembri</strong></span> <span class='ocrx_word' id='word_1_141' title='bbox 509 2085 563 2125; x_wconf 91' lang='lat' dir='ltr'><strong>a.</strong></span> <span class='ocrx_word' id='word_1_142' title='bbox 609 2068 798 2127; x_wconf 86' lang='lat'><strong>1906.</strong></span> 
     </span>
    </p>
   </div>
   <div class='ocr_carea' id='block_1_4' title="bbox 287 2378 2239 2636">
    <p class='ocr_par' dir='ltr' id='par_1_7' title="bbox 287 2378 2239 2636">
     <span class='ocr_line' id='line_1_22' title="bbox 287 2378 2239 2471; baseline -0.001 -24"><span class='ocrx_word' id='word_1_143' title='bbox 287 2378 791 2448; x_wconf 83' lang='lat' dir='ltr'>PRAEFATIO</span> <span class='ocrx_word' id='word_1_144' title='bbox 839 2379 1267 2446; x_wconf 85' lang='lat' dir='ltr'>HVSCHKII</span> <span class='ocrx_word' id='word_1_145' title='bbox 1312 2378 1762 2447; x_wconf 76' lang='lat' dir='ltr'>EDITIONJS</span> <span class='ocrx_word' id='word_1_146' title='bbox 1808 2379 2239 2471; x_wconf 77' lang='lat' dir='ltr'><strong>PRIMAE.*)</strong></span> 
     </span>
     <span class='ocr_line' id='line_1_23' title="bbox 1118 2561 1425 2636; baseline 0.003 -1"><span class='ocrx_word' id='word_1_147' title='bbox 1118 2561 1425 2636; x_wconf 73' lang='lat' dir='ltr'><strong>GAIVS.</strong></span> 
     </span>
    </p>
   </div>
   <div class='ocr_carea' id='block_1_5' title="bbox 229 2735 2283 2931">
    <p class='ocr_par' dir='ltr' id='par_1_8' title="bbox 229 2735 2283 2931">
     <span class='ocr_line' id='line_1_24' title="bbox 229 2735 2283 2823; baseline -0.003 -16"><span class='ocrx_word' id='word_1_148' title='bbox 229 2740 346 2807; x_wconf 92' lang='lat' dir='ltr'><strong>De</strong></span> <span class='ocrx_word' id='word_1_149' title='bbox 394 2739 586 2805; x_wconf 81' lang='lat' dir='ltr'><strong>Gaio</strong></span> <span class='ocrx_word' id='word_1_150' title='bbox 634 2738 951 2823; x_wconf 88' lang='lat' dir='ltr'><strong>eiusque</strong></span> <span class='ocrx_word' id='word_1_151' title='bbox 1007 2738 1316 2822; x_wconf 89' lang='lat' dir='ltr'><strong>scriptis</strong></span> <span class='ocrx_word' id='word_1_152' title='bbox 1365 2742 1438 2802; x_wconf 86' lang='lat' dir='ltr'><strong>et</strong></span> <span class='ocrx_word' id='word_1_153' title='bbox 1483 2737 1621 2803; x_wconf 90' lang='lat' dir='ltr'><strong>hac</strong></span> <span class='ocrx_word' id='word_1_154' title='bbox 1675 2735 2283 2803; x_wconf 75' lang='lat' dir='ltr'><strong>Institutionum</strong></span> 
     </span>
     <span class='ocr_line' id='line_1_25' title="bbox 547 2844 1988 2931; baseline -0.001 -20"><span class='ocrx_word' id='word_1_155' title='bbox 547 2846 713 2911; x_wconf 86' lang='lat' dir='ltr'><strong>eius</strong></span> <span class='ocrx_word' id='word_1_156' title='bbox 760 2844 1105 2909; x_wconf 80' lang='lat' dir='ltr'><strong>editione</strong></span> <span class='ocrx_word' id='word_1_157' title='bbox 1152 2845 1610 2910; x_wconf 85' lang='lat' dir='ltr'><strong>dissertatio</strong></span> <span class='ocrx_word' id='word_1_158' title='bbox 1656 2845 1988 2931; x_wconf 82' lang='lat' dir='ltr'><strong>praevia.</strong></span> 
     </span>
    </p>
   </div>
   <div class='ocr_carea' id='block_1_6' title="bbox 225 3007 2288 3325">
    <p class='ocr_par' dir='ltr' id='par_1_9' title="bbox 225 3007 2288 3273">
     <span class='ocr_line' id='line_1_26' title="bbox 374 3007 2285 3086; baseline -0.001 -14"><span class='ocrx_word' id='word_1_159' title='bbox 374 3013 578 3072; x_wconf 87' lang='lat' dir='ltr'><strong>Pauca</strong></span> <span class='ocrx_word' id='word_1_160' title='bbox 624 3013 782 3084; x_wconf 89' lang='lat' dir='ltr'><strong>sunt,</strong></span> <span class='ocrx_word' id='word_1_161' title='bbox 829 3029 983 3086; x_wconf 85' lang='lat' dir='ltr'><strong>quae</strong></span> <span class='ocrx_word' id='word_1_162' title='bbox 1022 3009 1094 3069; x_wconf 89' lang='lat' dir='ltr'><strong>de</strong></span> <span class='ocrx_word' id='word_1_163' title='bbox 1133 3009 1284 3070; x_wconf 85' lang='lat' dir='ltr'><strong>Gaio</strong></span> <span class='ocrx_word' id='word_1_164' title='bbox 1322 3013 1485 3070; x_wconf 89' lang='lat' dir='ltr'><strong>certo</strong></span> <span class='ocrx_word' id='word_1_165' title='bbox 1533 3013 1825 3071; x_wconf 88' lang='lat' dir='ltr'><strong>constant.</strong></span> <span class='ocrx_word' id='word_1_166' title='bbox 1917 3007 2121 3071; x_wconf 88' lang='lat' dir='ltr'><strong>Unum</strong></span> <span class='ocrx_word' id='word_1_167' title='bbox 2159 3013 2285 3071; x_wconf 88' lang='lat' dir='ltr'><strong>eius</strong></span> 
     </span>
     <span class='ocr_line' id='line_1_27' title="bbox 225 3098 2288 3175; baseline -0.003 -10"><span class='ocrx_word' id='word_1_168' title='bbox 225 3107 348 3165; x_wconf 85' lang='lat' dir='ltr'><strong>hoc</strong></span> <span class='ocrx_word' id='word_1_169' title='bbox 404 3120 624 3162; x_wconf 85' lang='lat' dir='ltr'><strong>nomen</strong></span> <span class='ocrx_word' id='word_1_170' title='bbox 688 3098 860 3159; x_wconf 87' lang='lat' dir='ltr'><strong>nobis</strong></span> <span class='ocrx_word' id='word_1_171' title='bbox 922 3100 1216 3159; x_wconf 85' lang='lat' dir='ltr'><strong>traditum</strong></span> <span class='ocrx_word' id='word_1_172' title='bbox 1273 3103 1364 3160; x_wconf 89' lang='lat' dir='ltr'><strong>est</strong></span> <span class='ocrx_word' id='word_1_173' title='bbox 1418 3102 1546 3159; x_wconf 83' lang='lat' dir='ltr'><strong>tam</strong></span> <span class='ocrx_word' id='word_1_174' title='bbox 1589 3102 1655 3159; x_wconf 90' lang='lat' dir='ltr'><strong>in</strong></span> <span class='ocrx_word' id='word_1_175' title='bbox 1708 3099 1878 3159; x_wconf 86' lang='lat' dir='ltr'><strong>libris</strong></span> <span class='ocrx_word' id='word_1_176' title='bbox 1942 3101 2117 3175; x_wconf 89' lang='lat' dir='ltr'><strong>iuris,</strong></span> <span class='ocrx_word' id='word_1_177' title='bbox 2181 3100 2288 3159; x_wconf 88' lang='lat' dir='ltr'><strong>ubi</strong></span> 
     </span>
     <span class='ocr_line' id='line_1_28' title="bbox 225 3184 2285 3325; baseline -0.002 -71"><span class='ocrx_word' id='word_1_178' title='bbox 225 3192 505 3325; x_wconf 85' lang='lat' dir='ltr'><strong>primum</strong></span> <span class='ocrx_word' id='word_1_179' title='bbox 549 3190 616 3250; x_wconf 91' lang='lat' dir='ltr'><strong>in</strong></span> <span class='ocrx_word' id='word_1_180' title='bbox 661 3186 999 3248; x_wconf 72' lang='lat' dir='ltr'><strong>collatione</strong></span> <span class='ocrx_word' id='word_1_181' title='bbox 1044 3191 1206 3249; x_wconf 87' lang='lat' dir='ltr'><strong>certo</strong></span> <span class='ocrx_word' id='word_1_182' title='bbox 1261 3184 1622 3264; x_wconf 85' lang='lat' dir='ltr'><strong>comparet¹‚</strong></span> <span class='ocrx_word' id='word_1_183' title='bbox 1677 3207 1856 3266; x_wconf 91' lang='lat' dir='ltr'><strong>quam</strong></span> <span class='ocrx_word' id='word_1_184' title='bbox 1903 3209 1940 3249; x_wconf 91' lang='lat' dir='ltr'><strong>a</strong></span> <span class='ocrx_word' id='word_1_185' title='bbox 1986 3209 2285 3268; x_wconf 84' lang='lat' dir='ltr'><strong>gramma-</strong></span> 
     </span>
    </p>
   </div>
   <div class='ocr_carea' id='block_1_7' title="bbox 301 3316 370 3323">
    <p class='ocr_par' dir='ltr' id='par_1_10' title="bbox 301 3316 370 3323">
     <span class='ocr_line' id='line_1_29' title="bbox 301 3316 370 3323; baseline -0.029 0"><span class='ocrx_word' id='word_1_186' title='bbox 301 3316 370 3323; x_wconf 63' lang='lat'><strong>0-—</strong></span> 
     </span>
    </p>
   </div>
   <div class='ocr_carea' id='block_1_8' title="bbox 373 3313 674 3321">
    <p class='ocr_par' dir='ltr' id='par_1_11' title="bbox 373 3313 674 3321">
     <span class='ocr_line' id='line_1_30' title="bbox 373 3313 674 3321; baseline 0 596"><span class='ocrx_word' id='word_1_187' title='bbox 373 3313 674 3321; x_wconf 95' lang='lat' dir='ltr'><strong> </strong></span> 
     </span>
    </p>
   </div>
   <div class='ocr_carea' id='block_1_9' title="bbox 382 3374 2284 3449">
    <p class='ocr_par' dir='ltr' id='par_1_12' title="bbox 382 3374 2284 3449">
     <span class='ocr_line' id='line_1_31' title="bbox 382 3374 2284 3449; baseline 0 -19"><span class='ocrx_word' id='word_1_188' title='bbox 382 3376 430 3446; x_wconf 74' lang='lat'><strong>‘)</strong></span> <span class='ocrx_word' id='word_1_189' title='bbox 471 3374 633 3442; x_wconf 77' lang='lat' dir='ltr'><strong>Quae</strong></span> <span class='ocrx_word' id='word_1_190' title='bbox 671 3392 790 3432; x_wconf 85' lang='lat' dir='ltr'><strong>nos</strong></span> <span class='ocrx_word' id='word_1_191' title='bbox 807 3375 1055 3447; x_wconf 84' lang='lat' dir='ltr'><strong>paucula</strong></span> <span class='ocrx_word' id='word_1_192' title='bbox 1090 3376 1443 3445; x_wconf 81' lang='lat' dir='ltr'><strong>addidimus,</strong></span> <span class='ocrx_word' id='word_1_193' title='bbox 1489 3377 1651 3431; x_wconf 87' lang='lat' dir='ltr'><strong>uncis</strong></span> <span class='ocrx_word' id='word_1_194' title='bbox 1707 3375 2003 3447; x_wconf 86' lang='lat' dir='ltr'><strong>quadratis</strong></span> <span class='ocrx_word' id='word_1_195' title='bbox 2060 3377 2083 3448; x_wconf 95' lang='lat'>[</span> <span class='ocrx_word' id='word_1_196' title='bbox 2121 3378 2142 3449; x_wconf 94' lang='grc'>]</span> <span class='ocrx_word' id='word_1_197' title='bbox 2200 3377 2284 3431; x_wconf 90' lang='lat' dir='ltr'><strong>in-</strong></span> 
     </span>
    </p>
   </div>
   <div class='ocr_carea' id='block_1_10' title="bbox 228 3448 2284 3591">
    <p class='ocr_par' dir='ltr' id='par_1_13' title="bbox 228 3448 2284 3591">
     <span class='ocr_line' id='line_1_32' title="bbox 228 3448 2284 3591; baseline 0 -18"><span class='ocrx_word' id='word_1_198' title='bbox 228 3448 571 3589; x_wconf 48' lang='lat' dir='ltr'><strong>elusissuzn</strong></span> <span class='ocrx_word' id='word_1_199' title='bbox 598 3518 751 3575; x_wconf 83' lang='lat' dir='ltr'><strong>enim</strong></span> <span class='ocrx_word' id='word_1_200' title='bbox 780 3518 973 3587; x_wconf 82' lang='lat' dir='ltr'><strong>Gaius‚</strong></span> <span class='ocrx_word' id='word_1_201' title='bbox 1001 3536 1168 3588; x_wconf 84' lang='lat' dir='ltr'><strong>quem</strong></span> <span class='ocrx_word' id='word_1_202' title='bbox 1186 3519 1530 3589; x_wconf 85' lang='lat' dir='ltr'><strong>Pomponius</strong></span> <span class='ocrx_word' id='word_1_203' title='bbox 1558 3521 1812 3574; x_wconf 86' lang='lat' dir='ltr'><strong>nostrum</strong></span> <span class='ocrx_word' id='word_1_204' title='bbox 1841 3519 2098 3591; x_wconf 87' lang='lat' dir='ltr'><strong>appellat</strong></span> <span class='ocrx_word' id='word_1_205' title='bbox 2115 3520 2176 3574; x_wconf 91' lang='lat' dir='ltr'><strong>L.</strong></span> <span class='ocrx_word' id='word_1_206' title='bbox 2196 3526 2284 3575; x_wconf 81' lang='grc'><strong>39.</strong></span> 
     </span>
    </p>
   </div>
   <div class='ocr_carea' id='block_1_11' title="bbox 344 3614 1964 3664">
    <p class='ocr_par' dir='ltr' id='par_1_14' title="bbox 344 3614 1964 3664">
     <span class='ocr_line' id='line_1_33' title="bbox 344 3614 1964 3664; baseline -0.001 -4"><span class='ocrx_word' id='word_1_207' title='bbox 344 3618 1318 3660; x_wconf 44' lang='lat' dir='ltr'><strong>Imsmwo-enunnnsklxabl</strong></span> <span class='ocrx_word' id='word_1_208' title='bbox 1329 3619 1430 3661; x_wconf 82' lang='lat' dir='ltr'><strong>r..1</strong></span> <span class='ocrx_word' id='word_1_209' title='bbox 1932 3614 1964 3664; x_wconf 89' lang='lat'>8</span> 
     </span>
    </p>
   </div>
  </div>
 </body>
</html>
