2650 3917
1299 717 1544 828 s111.

546 942 941 1007 VLPIANI
981 942 1503 1008 DISPVTATI
1509 942 1639 1007 ΟΝ
1645 943 1792 1007 VM
1826 940 2435 1007 FRAGMENTA

1015 1048 1966 1115 ARGENTORATENSIA.

1162 1208 1466 1263 PRAEM
1468 1208 1618 1262 ONI
1618 1208 1668 1261 T
1673 1207 1806 1262 VM.

604 1318 796 1383 Anno
839 1317 1009 1382 1903
1058 1316 1213 1382 Otto
1250 1316 1449 1381 Lenel
1494 1318 1742 1381 invenit
1787 1318 1856 1380 in
1900 1316 2334 1381 bibliothecae
2382 1314 2507 1380 Ar-

473 1406 942 1494 gentoratensis
983 1407 1385 1471 collectione
1440 1428 1861 1491 papyrorum‚
1928 1427 2089 1489 quae
2153 1426 2362 1488 nuper
2430 1427 2510 1469 ex

471 1497 772 1582 Aegypto
811 1496 1060 1561 adlatae
1097 1500 1298 1580 erant,
1336 1496 1566 1560 folium
1594 1494 2151 1560 membranaceum
2182 1494 2511 1560 semilace-

473 1591 686 1651 ratum
730 1585 968 1650 litteris
1008 1585 1367 1649 uncialibus
1415 1586 1726 1668 scriptum
1762 1584 1933 1648 binis
1973 1584 2304 1667 columnis,
2354 1604 2510 1667 qua·

473 1699 617 1741 rum
681 1674 883 1740 altera
954 1678 1121 1757 tota,
1194 1674 1459 1739 alterius
1533 1673 1851 1758 particula
1924 1674 2188 1737 minima
2252 1677 2514 1737 servata

475 1769 588 1830 est.
677 1763 836 1829 haec
882 1764 962 1828 ad
1006 1762 1274 1847 Ulpiani
1319 1763 1851 1847 Disputationum
1895 1762 2133 1827 librum
2168 1759 2266 1825 III
2312 1764 2514 1846 perti-

473 1877 624 1920 nere
676 1876 753 1918 ex
820 1853 1301 1937 comparatione
1365 1853 1732 1936 fragmenti,
1797 1851 1970 1936 quod
2034 1851 2203 1915 infra
2263 1850 2517 1935 legitur
2588 1867 2589 1892 *

474 1967 645 2007 num.
682 1943 783 2026 10,
821 1964 966 2008 cum
996 1942 1142 2027 Dig.
1175 1942 1278 2026 27,
1300 1941 1361 2024 8,
1394 1943 1434 2005 2
1473 1942 1776 2026 cognovit
1804 1962 2003 2025 eaque
2033 1941 2274 2025 optime
2304 1940 2515 2005 edidit

474 2034 754 2118 primum
820 2032 889 2095 in
934 2030 1118 2095 Actis
1174 2029 1370 2096 Acad.
1423 2030 1854 2094 Berolinensis
1910 2033 2064 2093 tom.
2102 2027 2270 2109 XLI,
2314 2029 2514 2114 1903,
2588 2055 2589 2102 5

474 2122 933 2275 {3132213‘5’3
963 2116 2518 2294 dssinifssissqzeitfflssff?„ffssifssffinffssfmssg

693 2261 710 2294 ‚
935 2260 951 2291 ,
1046 2261 1057 2273 .
1329 2261 1339 2272 .
2206 2259 2218 2271 .
2503 2260 2516 2272 .

611 2299 801 2363 Anno
835 2298 1007 2364 1904
1053 2299 1220 2362 idem
1270 2298 1465 2362 Lenel
1512 2297 1795 2362 eiusdem
1843 2297 2080 2362 codicis
2126 2297 2254 2362 duo
2302 2297 2520 2362 frusta

475 2411 660 2472 nova,
725 2388 996 2452 alterum
1055 2387 1282 2471 maiuS‚
1341 2386 1613 2451 alterum
1663 2387 2024 2469 minimum,
2080 2407 2242 2470 quae
2286 2406 2520 2451 recens

477 2479 543 2541 in
589 2477 1048 2542 bibliothecam
1096 2475 1710 2561 Argentoratensem
1756 2479 2203 2559 pervenerant,
2258 2475 2520 2559 primus

476 2567 638 2651 legit
692 2570 755 2630 et
802 2568 1125 2649 praeclare
1171 2565 1473 2630 restituta
1535 2569 1671 2629 tam
1726 2566 1797 2628 in
1840 2563 2024 2630 Actis
2083 2565 2296 2631 citatis
2354 2569 2521 2628 tom.

476 2654 643 2740 XLI,
721 2656 912 2739 1904,
977 2678 1033 2739 p.
1087 2653 1257 2719 1156
1323 2677 1435 2738 sq.,
1518 2677 1709 2738 quam
1792 2654 1858 2717 in
1943 2653 2318 2720 Zeitschrift
2405 2653 2527 2718 der

478 2743 1102 2831 Savigny-Stiftung
1165 2743 1369 2827 XXV,
1430 2744 1620 2827 1904,
1667 2766 1726 2827 p.
1756 2742 1885 2809 368
1925 2764 2016 2827 sq.
2056 2742 2303 2827 publici
2352 2743 2525 2807 iuris

476 2835 645 2899 fecit.
668 2834 895 2899 deinde
934 2834 1002 2897 in
1042 2834 1327 2897 eiusdem
1375 2832 1799 2918 ephemeridis
1829 2837 1983 2897 tom.
1999 2830 2268 2916 XXVII,
2320 2831 2526 2915 1906,

479 2948 541 3009 p.
584 2925 663 2987 71
689 2946 781 3007 sq.
829 2925 1062 2988 iterum
1109 2923 1186 2986 de
1232 2922 1561 2987 nonnullis
1607 2920 2003 3007 fragmentis,
2051 2942 2215 3005 quae
2270 2920 2355 2984 ad
2414 2943 2525 2984 ex-

481 3013 842 3096 ceptionem
898 3011 1191 3075 annalem
1239 3010 1446 3076 Italici
1496 3016 1864 3075 contractus
1911 3011 2229 3095 pertinere
2275 3031 2528 3095 cogno-

480 3105 659 3167 verat
708 3099 906 3188 (infra
952 3099 1152 3187 3sq.)‚
1200 3101 1518 3165 disseruit.
1567 3137 1650 3146 —
1698 3100 1886 3164 nobis
1935 3103 2087 3163 sunt
2131 3101 2205 3163 fr.
2258 3100 2461 3164 1—-6,

612 3190 860 3255 Lenelii
906 3190 1254 3255 editionem
1310 3189 1444 3253 fere
1490 3189 1935 3273 repetivimus,
1980 3188 2364 3274 fragmentis
2416 3189 2524 3252 ad-

482 3280 760 3345 didimus
828 3301 1129 3344 numeros
1196 3280 1562 3361 continuos,
1625 3279 1911 3343 numeris
1984 3277 2230 3343 Lenelii
2293 3299 2531 3362 supra-

484 3370 755 3453 scriptis.
831 3370 892 3432 A
933 3368 1251 3454 significat
1290 3369 1653 3453 fragmenta
1698 3390 1752 3431 a.
1795 3367 1994 3451 1903,
2042 3367 2108 3431 B
2150 3368 2533 3452 fragmenta

485 3481 536 3521 a.
589 3457 761 3521 1904
816 3462 1083 3541 reperta.
1156 3458 1439 3521 numeris
1495 3458 1539 3521 Ι
1580 3462 1644 3521 et
1691 3457 1783 3522 II
1845 3457 2151 3522 foliorum
2220 3456 2533 3542 paginae,

484 3545 720 3609 litteris
767 3567 810 3608 a
856 3551 921 3609 et
966 3548 1001 3609 b
1047 3548 1428 3630 paginarum
1478 3548 1810 3612 columnae
1857 3546 2239 3611 indicantur.
