2650 3917
334 133 460 198 158
956 133 1080 188 GAI
1114 133 1373 188 INSTIT.
1411 135 1438 188 Ι
1476 139 1701 188 64—66.

330 296 496 361 mihi
541 298 865 381 quondam
913 320 1132 363 socrus
1180 302 1293 361 aut
1340 319 1539 362 nurus
1587 302 1700 362 aut
1744 298 2048 384 priuigna
2095 303 2207 363 aut
2252 321 2359 365 no-

332 407 522 451 uerca
576 387 719 451 fuit.
812 386 954 452 ideo
1011 390 1226 452 autem
1292 386 1574 451 diximus
1625 387 2018 471 ‘quondam’‚
2065 389 2245 471 quia,
2311 391 2371 453 si

331 475 539 540 adhuc
596 479 895 541 constant
949 498 1059 540 eae
1122 478 1412 559 nuptiae,
1476 497 1591 561 per
1638 497 1796 559 quas
1851 477 2001 541 talis
2065 477 2369 543 adfinitas

332 565 622 649 quaesita
668 569 784 648 est,
829 564 956 629 alia
999 566 1250 629 ratione
1295 564 1459 629 mihi
1505 569 1708 650 nupta
1755 586 1895 629 esse
1938 587 2070 630 non
2128 571 2367 652 potest,

333 655 487 737 quia
544 675 752 738 neque
810 654 1027 718 eadem
1087 654 1340 719 duobus
1404 658 1608 738 nupta
1672 675 1812 718 esse
1876 659 2096 738 potest
2157 677 2369 740 neque

328 743 497 808 idem
555 743 711 808 duas
767 765 999 808 uxores
1056 741 1307 807 habere.
1400 743 1496 808 64.
1544 742 1720 829 Ergo
1778 744 1833 807 si
1891 745 2034 827 quis
2088 746 2369 809 nefarias

331 837 523 916 atque
570 832 846 898 incestas
890 833 1155 917 nuptias
1203 832 1627 916 contraxerit,
1679 853 1887 916 neque
1940 855 2207 899 uxorem
2255 834 2366 898 ha-

329 922 478 986 bere
524 922 785 986 uidetur
828 944 1037 1005 neque
1083 921 1349 987 liberos:
1397 923 1620 1004 itaque
1666 921 1756 1006 hi,
1794 922 1907 1006 qui
1945 944 2023 986 ex
2061 944 2135 987 eo
2186 925 2364 988 coitu

328 1016 709 1095 nascuntur,
767 1015 1040 1075 matrem
1106 1010 1365 1094 quidem
1421 1009 1657 1075 habere
1722 1010 2052 1095 uidentur,
2116 1017 2366 1096 patrem

329 1121 481 1164 uero
537 1123 672 1166 non
734 1100 986 1184 utique,
1051 1121 1170 1164 nec
1225 1099 1309 1165 ob
1359 1099 1425 1163 id
1471 1100 1539 1163 in
1602 1103 1925 1183 potestate
1988 1101 2125 1165 eius
2193 1106 2363 1185 sunt,

330 1190 548 1272 quales
598 1194 748 1253 sunt
794 1190 860 1274 ii,
909 1210 1070 1273 quos
1119 1193 1325 1254 mater
1371 1188 1571 1274 uulgo
1619 1189 1939 1273 concepit:
1986 1213 2135 1254 nam
2185 1196 2250 1255 et
2293 1190 2364 1255 hj

328 1283 574 1362 patrem
631 1278 865 1343 habere
918 1300 1048 1342 non
1114 1279 1600 1363 intelleguntur,
1664 1299 1811 1343 cum
1868 1280 1924 1342 is
1989 1278 2219 1344 etiam1
2272 1281 2371 1345 in-

330 1371 542 1432 certus
616 1367 728 1450 sit3
800 1367 968 1432 unde
1044 1367 1255 1432 solent
1319 1368 1522 1451 spurii
1586 1366 1706 1430 filii
1782 1367 2094 1452 appellari
2156 1368 2264 1433 uel
2327 1391 2369 1434 a

329 1455 569 1521 Graeca
622 1477 782 1521 uoce
838 1456 1023 1540 quasi
1089 1455 1434 1540 σποράδην
1500 1455 1796 1541 concepti
1841 1456 1947 1520 uel
1995 1457 2179 1540 quasi
2226 1458 2365 1523 sine

327 1550 509 1629 patre
555 1545 691 1609 filii.

463 1634 555 1699 65.
602 1635 966 1717 Aliquando
1013 1641 1218 1699 autem
1266 1635 1483 1712 euenit,
1529 1641 1601 1699 ut
1645 1635 1841 1714 liberi,
1883 1636 1993 1716 qm·
2036 1638 2250 1700 statim
2295 1642 2369 1700 ut

329 1721 510 1788 nat12
539 1728 708 1807 sunt,
734 1728 1075 1808 parentum
1114 1723 1182 1787 in
1220 1721 1649 1808 potestatem⁸
1674 1746 1805 1789 non
1842 1725 2020 1807 fiant,
2058 1724 2103 1787 ii
2140 1728 2370 1808 postea

328 1816 545 1877 tamen
590 1813 968 1898 redigantur
1003 1814 1072 1876 in
1116 1817 1525 1897 potestatem.
1620 1812 1712 1878 66.
1763 1813 1942 1878 Velut
1982 1814 2043 1879 si
2087 1814 2367 1878 Latinus

330 1924 407 1966 ex
462 1904 605 1987 lege
652 1900 839 1966 Aelia
887 1900 1109 1967 Sentia
1163 1923 1366 1966 uxore
1423 1902 1614 1967 ducta
1669 1903 1875 1967 filium
1930 1903 2369 1986 procreauerit

331 1995 441 2056 aut
486 1991 790 2056 Latinum
841 2014 919 2055 ex
963 1991 1198 2056 Latina
1253 1994 1366 2055 aut
1419 1992 1624 2056 ciuem
1669 1991 2037 2056 Romanum
2085 2015 2163 2057 ex
2219 1992 2364 2057 ciue

328 2080 638 2165 Romana,
684 2102 817 2145 non
861 2081 1128 2145 habebit
1174 2102 1318 2144 eum
1367 2080 1434 2144 in
1480 2085 1826 2165 potestate3
1881 2083 1991 2146 scd
2041 2083 2102 2147 si
2141 2088 2368 2164 postea

327 2191 519 2236 causa
579 2171 851 2251 probata
915 2172 1228 2235 ciuitatem
1293 2170 1654 2235 Romanam
1718 2177 2087 2236 consecutus
2152 2173 2368 2253 fuerit,

472 2419 524 2484 1)
562 2419 621 2470 et
655 2417 722 2470 V.
869 2420 922 2485 2)
963 2416 1466 2484 aliquando—nati
1501 2418 1682 2486 suppl.
1720 2434 1789 2471 ex
1815 2418 1954 2472 Inst.
2067 2420 2119 2487 3)
2156 2420 2257 2488 pot
2293 2418 2363 2473 V.

326 2489 395 2554 cf.
427 2493 456 2553 ξ
487 2494 572 2541 57.
627 2490 788 2543 aliter
824 2493 854 2553 ἓ
887 2493 970 2542 93.
1013 2493 1094 2542 94.
1137 2492 1219 2541 95.
1264 2493 1384 2542 107.

329 2668 470 2734 528).
530 2666 637 2720 Cic.
663 2684 720 2734 p.
756 2667 963 2721 Cluent.
997 2671 1046 2731 5,
1079 2672 1302 2718 12-14.
1372 2666 1526 2736 Very.
1558 2667 1696 2720 Aen.
1732 2672 1814 2733 10,
1845 2671 1964 2720 389.
2038 2667 2192 2720 idem
2220 2667 2366 2722 duas

328 2737 551 2806 uxores]
589 2739 656 2803 cf.
689 2737 800 2792 Ed.
832 2738 907 2791 D.
939 2743 988 2802 3,
1019 2742 1069 2803 2,
1101 2743 1147 2789 1.
1187 2738 1263 2791 D.
1295 2741 1345 2802 3,
1376 2743 1425 2802 2,
1459 2742 1541 2800 13,
1571 2741 1604 2788 4
1643 2737 1798 2806 (Ulp.
1830 2741 1972 2806 285).
2042 2739 2097 2794 G.
2130 2743 2180 2804 9,
2212 2744 2261 2805 9,
2293 2744 2365 2793 18
2413 2802 2421 2810 ,

328 2813 399 2874 (a.
432 2813 572 2876 258).
632 2814 681 2874 5,
711 2814 762 2875 5,
792 2815 823 2861 2
864 2811 935 2877 (a.
969 2811 1109 2877 285).
1170 2814 1216 2875 1,
1250 2814 1298 2875 9,
1331 2813 1360 2860 τ
1401 2812 1473 2875 (a.
1507 2810 1646 2876 393).
1694 2808 1840 2863 Suet.
1874 2809 2024 2864 Caes.
2065 2815 2148 2863 52.
2206 2811 2360 2866 Plut.

327 2895 494 2948 comp.
544 2880 784 2934 Demetr.
831 2897 874 2934 c.
916 2882 1048 2934 Ant.
1089 2884 1136 2933 4.
1213 2880 1420 2934 Socrat.
1479 2881 1629 2934 Hist.
1682 2881 1832 2935 Eccl.
1872 2887 1923 2945 4,
1954 2886 2017 2933 31
2078 2882 2251 2949 (Tom,
2292 2888 2362 2935 67

317 2968 392 3075 pc.z
410 2951 632 3076 ὅιέἓβώ
666 2953 898 3022 Miyne).
972 2952 1200 3020 Niceph.
1232 2952 1382 3005 Hist.
1415 2952 1564 3005 Eccl.
1601 2958 1682 3017 11,
1715 2956 1780 3004 33
1821 2953 1995 3019 (Tom.
2032 2957 2133 3006 146
2167 2970 2223 3022 p.
2257 2958 2366 3007 689

326 3040 352 3076 e
397 3064 406 3074 .
519 3040 540 3076 ι
596 3040 677 3077 ze.

470 3099 499 3159 ξ
540 3025 750 3159 64.)εῇ
809 3095 857 3147 Ι.
919 3101 965 3159 1,
999 3099 1082 3158 10,
1115 3099 1195 3146 12.
1277 3093 1391 3148 Gai
1445 3096 1567 3161 epit.
1620 3101 1667 3160 1,
1698 3101 1752 3160 4,
1780 3099 1828 3147 8.
1915 3095 2034 3163 Ulp.
2074 3100 2125 3161 4,
2156 3100 2206 3149 2.
2247 3100 2297 3161 5,
2331 3099 2362 3148 7

328 3191 393 3211 --
428 3166 556 3221 Con.
591 3170 640 3229 e,
673 3171 719 3231 2,
750 3171 798 3219 4.
876 3166 949 3219 D.
986 3171 1033 3229 1,
1064 3170 1113 3229 5,
1144 3169 1211 3219 19
1264 3165 1419 3233 (Cels.
1452 3168 1593 3232 239).
1669 3169 1754 3231 50,
1788 3173 1835 3232 1,
1869 3172 1914 3231 1,
1948 3172 1977 3219 2
2031 3166 2182 3235 (Ulp.
2217 3169 2363 3235 190).

330 3244 375 3302 1,
408 3242 457 3304 5,
489 3242 554 3290 23
595 3237 772 3304 (Mod.
806 3240 911 3305 89).
981 3237 1036 3292 G.
1079 3242 1126 3303 5,
1159 3242 1208 3303 5,
1240 3242 1270 3290 6
1303 3264 1368 3282 =
1404 3238 1458 3293 C.
1506 3237 1598 3291 Th.
1640 3241 1690 3304 3,
1723 3243 1804 3302 12,
1838 3243 1868 3291 3
1908 3239 1978 3304 (a.
2020 3239 2163 3307 396).
2219 3238 2364 3294 Isia.

326 3311 460 3435 (ἐξίῃ.
502 3312 632 3448 33²5,
662 3314 931 3448 2543022‘2)
955 3309 1142 3434 Assffat
1158 3310 1263 3363 inc.
1285 3309 1370 3435 ge
1398 3325 1681 3434 pggenom.
1721 3314 1751 3361 6
1791 3311 1871 3377 (in
1922 3309 2041 3363 Val.
2075 3309 2238 3365 Max.
2278 3311 2366 3366 ed.

389 3397 506 3449 emp
597 3397 660 3449 p.
798 3422 813 3447 ,
939 3423 947 3432 .
1079 3398 1157 3434 u.
1197 3398 1244 3449 q.
1346 3422 1355 3432 .
1508 3423 1517 3433 .

469 3457 499 3517 g
539 3457 623 3506 65.
665 3477 732 3497 =
762 3454 811 3506 Ι.
854 3458 900 3517 1,
935 3456 1016 3517 ιο,
1050 3456 1133 3505 13.
1522 3467 1527 3471 ·

469 3530 500 3591 ξ
539 3528 623 3577 66.
681 3524 749 3591 cf.
799 3524 923 3593 Uzp.
967 3529 1013 3590 7,
1043 3529 1093 3577 4.
1166 3541 1340 3591 supra
1381 3529 1428 3589 1,
1460 3528 1544 3576 29.
