2650 3917
886 183 1241 240 votvslvs
1279 164 1718 241 MAECIANVS.
2182 187 2314 251 415

283 371 442 434 ques
487 349 609 414 hac
667 353 822 413 nota
887 348 1128 412 scribas
1191 370 1539 432 uocesque:
1607 349 1924 432 quadrans
1990 350 2317 415 semuncia

283 439 565 504 sicilicus
610 437 786 502 Χ-
701 470 786 490 =
815 475 903 485 —-
933 433 997 505 ,ἓ
1023 440 1095 521 3;
1141 460 1292 502 nam
1340 436 1612 502 sedecim
1664 438 2053 539 quadrantes
2100 461 2175 504 ac
2219 443 2315 504 to-

280 528 479 593 tidem
521 529 882 592 semunciae
920 526 1275 611 sicilicique
1305 527 1552 592 faciunt
1589 528 1919 611 quinques,
1994 528 2088 593 53.
2130 527 2314 593 Sexis

278 617 401 684 hac
429 622 588 682 nota
616 616 858 681 scribas
886 617 1334 700 nominesque:
1364 616 1564 680 triens
1594 617 1922 682 semuncia
1947 616 2110 680 ἦξε
2128 614 2315 702 =AE3

279 728 479 791 aeque
528 707 696 771 enim
753 707 1018 770 trientes
1066 709 1133 770 et
1178 706 1540 770 semunciae
1596 706 1875 771 sedecies
1921 706 2096 771 ducti
2144 709 2313 771 sexis
2369 733 2396 774 ε

280 796 588 861 efficiunt.
695 796 790 860 54.
840 794 1075 880 Septus
1139 794 1262 858 hac
1323 800 1481 860 nota
1547 795 1791 860 scribas
1858 817 1931 861 ac
1995 798 2312 861 nomines:

280 887 609 969 quincunx
683 884 965 950 sicilicus
1018 883 1083 948 X
1114 915 1192 936 =
1227 915 1312 935 =
1342 921 1432 931 —
1459 887 1532 967 3;
1606 885 1802 949 simili
1877 886 2045 949 enim
2120 886 2312 951 modo

278 974 672 1058 quincunces
747 995 820 1038 ac
903 974 1130 1039 sicilici
1209 974 1625 1057 multiplicati
1709 978 1930 1057 septus
2003 974 2311 1039 efficiunt.

277 1064 372 1129 55.
421 1061 619 1128 Octus
673 1062 796 1128 hac
851 1067 1007 1127 nota
1072 1062 1313 1128 scribas
1371 1084 1445 1128 ac
1508 1063 1827 1127 nomines:
1894 1065 2086 1127 semis
2131 1062 2312 1147 {SE

277 1154 514 1235 quibus
599 1153 824 1218 eodem
907 1152 1099 1218 modo
1193 1151 1645 1236 multiplicatis
1738 1157 1922 1217 octus
2013 1155 2310 1238 reperies.
2344 1179 2396 1219 ιο
2484 1180 2485 1187 “

276 1241 368 1308 56.
416 1241 646 1307 Nonus
682 1242 805 1306 hac
842 1245 997 1307 nota
1043 1241 1283 1306 scribas
1333 1242 1771 1327 appellesque:
1821 1241 2015 1305 semis
2064 1264 2315 1307 semun-

273 1331 372 1396 cia
428 1332 709 1398 sicilicus
762 1328 1067 1415 {8233
1123 1336 1196 1395 ut
1254 1329 1569 1395 sedecies²
1625 1330 1821 1415 [hanc
1888 1353 2143 1415 quoque
2200 1353 2314 1395 no-

271 1425 436 1505 tam,
485 1443 647 1504 quae
692 1420 989 1505 uocatur]
1039 1421 1365 1484 semissem
1428 1420 1816 1484 semunciam
1875 1420 2189 1484 sicilicum
2256 1421 2312 1484 si

273 1508 867 1594 multiplioaueris⁸‚
925 1504 1136 1574 nonus
1190 1509 1500 1574 inuenias
1594 1509 1686 1573 57.
1733 1509 1946 1574 Decus
1992 1508 2113 1574 hac
2158 1513 2313 1574 nota

277 1598 520 1663 scribas
582 1604 776 1682 atque
839 1599 1160 1662 nomines,
1228 1603 1505 1682 septunx
1569 1599 1895 1663 semuncia
1957 1596 2078 1662 XS
2115 1637 2188 1644 —
2224 1595 2394 1682 231⁵

278 1691 651 1771 septuncem
719 1708 977 1771 quoque
1033 1709 1106 1751 ac
1171 1688 1564 1751 semunciam
1630 1688 1869 1753 totiens
1916 1689 1971 1751 si
2037 1686 2313 1771 duxeris,

277 1777 471 1840 decus
520 1776 778 1842 efficies,
870 1776 961 1841 58.
1008 1775 1407 1841 Undeciaere
1443 1776 1564 1841 hac
1610 1780 1766 1841 nota
1812 1776 2051 1840 scribas
2099 1776 2314 1860 appel-

272 1866 521 1950 lesque:
559 1865 671 1929 bes
712 1865 991 1931 sicilicus
1027 1863 1147 1929 {S
1178 1896 1263 1917 =
1292 1866 1366 1948 3;
1413 1887 1562 1929 nam
1600 1865 1713 1929 bes
1752 1864 2035 1930 sicilicus
2072 1866 2311 1930 totiens

276 1955 453 2019 ducti
499 1954 875 2019 undeciaere
931 1955 1237 2019 efficiunt.
1332 1954 1425 2020 59.
1474 1953 1909 2020 Duodeciaere
1974 1955 2094 2018 hac
2158 1959 2314 2018 nota

277 2043 521 2108 scribas
570 2066 641 2108 ac
686 2064 906 2109 uoces:
955 2044 1232 2109 dodrans
1279 2042 1396 2109 §S
1427 2075 1512 2097 =
1544 2070 1657 2128 ·—-;
1702 2043 2047 2108 dodrantes
2088 2044 2311 2108 eodem
2341 2071 2396 2110 20

275 2134 468 2198 modo
512 2135 869 2217 computati
908 2133 1320 2198 duodeciaere
1360 2134 1667 2198 efficiunt.
1760 2133 1853 2198 60.
1900 2131 2312 2198 Tredeciaere

272 2222 395 2286 hac
439 2226 595 2287 nota
642 2222 883 2287 scribas
929 2244 1278 2306 uocesque:
1336 2222 1613 2287 dodrans
1659 2223 1985 2287 semuncia
2032 2221 2310 2286 sicilicus

270 2310 389 2376 ΞΒ
420 2343 504 2364 =
537 2350 621 2358 —
656 2308 809 2396 R),
870 2311 1292 2377 dodrantibus
1358 2312 1701 2378 semunciis
1766 2311 2027 2377 sicilicis
2092 2311 2309 2375 eadem

273 2401 522 2466 ratione
569 2401 1017 2484 multiplicatis
1063 2400 1369 2467 tredecim
1413 2423 1584 2467 asses
1632 2401 1891 2466 efficias.
1985 2400 2069 2465 61.
2118 2400 2312 2477 Quat-

271 2491 711 2555 tuordeciaere
775 2489 897 2554 hac
958 2494 1116 2555 nota
1181 2491 1424 2555 scribas
1473 2513 1545 2555 ac
1607 2511 1825 2555 uoces:
1891 2491 2161 2555 dextans
2214 2510 2309 2553 se·
2337 2516 2391 2555 25

267 2581 524 2644 muncia
568 2577 687 2643 {S
718 2610 803 2631 =
836 2611 920 2632 =
950 2576 1042 2663 §23
1097 2580 1432 2645 dextantes
1487 2580 1980 2664 semunciaeque
2036 2578 2307 2644 sedecim

274 2690 473 2753 aeque
515 2668 1111 2752 quattuordeciaere
1150 2669 1456 2735 efficiunt.
1550 2669 1643 2734 62.
1674 2666 2152 2745 ‘Quindeciaere
2187 2667 2309 2732 hac

272 2763 425 2822 nota
464 2757 710 2822 scribas
748 2761 814 2822 et
859 2758 1170 2842 appelles:
1218 2759 1430 2824 deunx
1469 2758 1749 2824 sicilicus
1775 2757 2307 2840 XS==—);

272 2847 483 2912 deunx
532 2869 787 2931 quoque
836 2869 910 2912 ac
964 2847 1248 2913 sicilicus
1295 2848 1573 2913 sedecies
1630 2848 1806 2912 ducti
1863 2847 2306 2931 quindeciaere

269 2936 576 3001 efficiunt.
2333 2962 2390 3001 3ο

402 3025 494 3091 63.
540 3025 1068 3111 Ingeniosissime
1115 3031 1359 3109 autem,
1421 3048 1565 3092 cum
1612 3027 1694 3089 ad
1750 3024 2081 3089 denarium
2137 3026 2301 3091 ratio

271 3115 711 3199 conficeretur,
776 3115 1172 3180 excurrentis
1228 3116 1394 3180 aeris
1438 3119 1594 3179 nota
1649 3115 1914 3179 inuenta
1958 3119 2075 3198 est,
2140 3137 2302 3199 quae

269 3204 548 3269 sedecies
620 3203 1052 3288 multiplicata
1114 3204 1180 3269 id
1246 3205 1553 3269 efficeret:
1628 3226 1777 3268 nam
1844 3225 1987 3268 cum
2057 3204 2301 3268 denarii

410 3435 461 3502 1)
500 3432 551 3486 X
572 3384 608 3486 S²
628 3450 729 3488 om.
751 3434 904 3489 codd.
928 3434 1133 3489 lacwna
1150 3436 1359 3490 relicta.
1507 3436 1560 3503 2)
1599 3434 1847 3488 sedecies
1868 3434 1986 3488 Hu.
2010 3431 2297 3487 semissem

265 3505 403 3559 codd
412 3548 419 3556 .
460 3503 723 3558 similiter
761 3507 1082 3560 Mommsen.
1231 3507 1284 3575 3)
1325 3505 1666 3561 semunciam
1706 3505 1982 3560 sicilicum
2021 3505 2068 3559 si
2106 3504 2299 3559 multi-

263 3575 570 3644 plicaueris
608 3579 939 3646 scripsimus.
979 3576 1148 3631 uncia
1186 3576 1433 3631 sicilicus
1471 3576 1907 3663 multiplicatam
1944 3578 2096 3633 codd.
