2650 3917
776 140 927 194 SEX.
967 139 1300 197 CAECILIV
1302 141 1340 195 S
1376 141 1803 196 AFRICANVS.
2183 141 2309 205 103

261 310 487 370 tamen
537 304 806 369 delicate
853 326 1137 371 arceram
1185 306 1536 387 iusserunt,
1587 305 1891 388 quoniam
1940 305 2096 370 satis
2145 309 2309 370 esset

264 393 561 459 inualido
608 392 925 458 cuimodil
969 395 1403 461 uectabulum.
1408 391 1432 430 ²
1522 398 1715 480 atque
1760 394 1830 458 id
1875 394 2183 479 fecerunt,
2230 416 2310 458 ne

157 492 169 507 “
266 484 559 548 causatio
634 484 762 547 ista
832 484 1012 569 aegri
1083 485 1373 568 corporis
1446 487 1824 585 perpetuam
1908 484 2311 549 uacationem

268 573 453 637 daret
489 572 683 637 fidem
723 571 1229 638 detractantibus
1276 573 1583 675 iurisque
1610 572 1897 638 actiones
1936 573 2309 638 declinanti-

270 662 409 730 bus,
486 659 633 749 (31)
664 662 775 726 sed
803 663 975 726 enim
1012 662 1226 746 ipsum
1262 663 1430 727 uide.
1494 662 1762 727 iniurias
1790 663 1995 727 factas
2025 663 2310 746 quinque
2365 686 2389 725 5

271 756 336 815 et
380 750 622 837 uiginti
669 751 920 816 assibus
969 756 1335 816 sanxerunt.
1425 772 1559 816 non
1614 751 1875 816 omnino
1924 772 2174 833 omnes,
2218 751 2310 814 mi

270 839 617 923 Fauorine,
674 841 943 904 iniurias
1000 862 1142 905 aere
1198 840 1323 905 isto
1381 861 1586 924 pauco
1645 840 1998 923 diluerunt,
2050 842 2309 904 tametsi

272 928 432 994 haec
493 930 635 1013 ipsa
696 929 987 1013 paucitas
1051 930 1291 994 assium
1358 951 1554 1014 graue
1613 929 1866 1014 pondus
1929 930 2105 994 aeris
2157 929 2309 1012 fuit3

270 1041 421 1082 nam
477 1017 761 1083 librariis
816 1018 1067 1083 assibus
1121 1019 1191 1083 in
1245 1041 1319 1083 ea
1377 1022 1761 1102 tempestate
1818 1017 2098 1103 populus
2152 1039 2310 1082 usus

261 1113 389 1193 test.
482 1104 628 1193 (32)
675 1108 789 1172 sed
847 1107 1116 1172 iniurias
1177 1108 1552 1190 atrociores,
1610 1111 1686 1173 ut
1745 1107 1822 1172 de
1881 1129 2025 1173 osse
2082 1106 2311 1192 fracto,
2339 1132 2392 1171 10

272 1218 407 1262 non
453 1196 677 1261 liberis
741 1196 962 1279 mod0,
1018 1218 1243 1262 uerum
1308 1198 1505 1262 etiam
1569 1198 1773 1262 seruis
1819 1196 2025 1261 factas
2087 1196 2309 1281 inpen-

270 1287 442 1352 siore
492 1285 724 1350 damno
770 1285 1265 1351 uindicauerunt
1276 1284 1316 1365 ³,
1357 1285 1501 1372 (33)
1543 1286 1928 1370 quibusdam
1966 1289 2180 1350 autem
2218 1287 2309 1349 in·

269 1375 461 1440 iuriis
527 1373 835 1439 talionem
904 1397 1159 1459 quoque
1224 1375 1678 1459 adposuerunt.
1795 1398 1985 1457 quam
2051 1374 2310 1459 quidem

267 1468 345 1528 tu
391 1463 733 1545 talionem,
786 1465 892 1527 uir
938 1463 1205 1548 optime,
1253 1464 1538 1548 iniquius
1593 1465 1786 1548 paulo
1843 1466 2195 1529 insectatus
2241 1485 2310 1529 es

271 1576 346 1618 ac
374 1576 458 1618 ne
498 1554 849 1618 consistere
887 1553 1150 1636 quidem
1188 1553 1411 1618 dixisti
1448 1553 1662 1638 lepida
1708 1553 1983 1638 quadam
2022 1553 2313 1619 sollertia
2342 1577 2392 1617 15

273 1644 655 1725 uerborum,
720 1642 1025 1726 quoniam
1090 1642 1319 1707 talioni
1374 1665 1493 1727 par
1545 1665 1678 1707 non
1733 1644 1820 1707 sit
1880 1643 2040 1708 talio
2103 1664 2312 1728 neque

269 1733 491 1818 rumpi
534 1730 895 1796 membrum
924 1732 1113 1797 facile
1141 1732 1351 1816 possit
1394 1730 1512 1796 ad4
1538 1732 1802 1797 alterius
1831 1737 2139 1816 rupturae
2152 1729 2192 1815 ⁶,
2237 1736 2312 1796 ut

270 1821 368 1885 ais
425 1827 530 1905 tu,
578 1820 1099 1904 ‘aequilibrium'.
1192 1819 1340 1908 (34)
1379 1843 1601 1886 uerum
1658 1824 1783 1906 est,
1830 1822 1920 1885 mi
1967 1820 2310 1902 Fauorine,

268 1910 584 1975 talionem
639 1908 1083 1994 parissimam⁶
1128 1911 1270 1975 fieri
1315 1910 1714 1975 difficillime.
1807 1911 1918 1975 sed
1966 1910 2311 1976 decemuiri

270 2000 566 2065 minuere
611 2003 806 2082 atque
837 1999 1221 2086 extinguere
1256 2001 1549 2065 uolentes
1586 1999 2031 2065 huiuscemodi
2068 1999 2313 2065 uiolen-
2341 2024 2395 2063 20

269 2091 434 2154 tiam
479 2087 785 2174 pulsandi
830 2093 1025 2171 atque
1069 2088 1363 2153 laedendi
1409 2088 1668 2170 talione,
1698 2087 1810 2154 eo⁷
1840 2110 2096 2173 quoque
2134 2092 2311 2153 metu

268 2178 663 2244 coercendos
721 2199 859 2242 esse
917 2177 1211 2243 homines
1265 2183 1662 2261 putauerunt
1714 2200 1922 2263 neque
1977 2179 2143 2256 eius,
2199 2179 2311 2262 qui

268 2268 637 2333 membrum
684 2266 873 2331 alteri
927 2268 1209 2350 rupisset
1254 2272 1320 2332 et
1374 2267 1615 2352 pacisci
1669 2272 1888 2332 tamen
1932 2267 2009 2333 de
2068 2266 2311 2332 talione

265 2357 645 2422 redimenda
676 2355 901 2439 nollet,
939 2360 1184 2421 tantam
1224 2377 1364 2421 esse
1393 2356 1753 2421 habendam
1791 2357 2108 2421 rationem
2144 2357 2311 2421 arbi—

268 2446 429 2511 trati
477 2448 652 2528 sunt,
697 2449 789 2528 ut,
833 2466 917 2509 an
961 2444 1243 2530 prudens
1289 2445 1760 2531 inprudensne⁸
1797 2447 2097 2531 rupisset,
2134 2464 2308 2529 spec·
2339 2469 2389 2509 25

266 2535 543 2600 tandum
589 2537 893 2618 putarent
939 2532 1087 2598 aut⁹
1125 2533 1435 2599 talionem
1483 2536 1553 2599 in
1599 2557 1675 2599 eo
1721 2535 1829 2600 uel
1873 2536 1955 2600 ad
1999 2536 2308 2601 amussim

266 2625 769 2709 aequiperarent
814 2624 919 2687 uel
975 2624 1045 2687 in
1103 2621 1306 2687 librili
1366 2623 1859 2709 perpenderent3
1921 2625 2035 2689 sed
2091 2626 2312 2710 potius

264 2713 549 2779 eundem
594 2713 881 2777 animum
928 2712 1329 2796 eundemque
1385 2714 1698 2796 impetum
1746 2715 1815 2778 in
1860 2714 2080 2778 eadem
2128 2719 2311 2798 parte

265 2802 566 2887 corporis
619 2801 989 2886 rumpendi,
1043 2823 1175 2866 non
1221 2802 1493 2867 eundem
1552 2824 1808 2888 quoque
1862 2824 2084 2867 casum
2138 2804 2312 2890 exigi

265 2890 641 2976 uoluerunt,
687 2890 994 2975 quoniam
1041 2891 1270 2956 modus
1318 2893 1676 2956 uoluntatis
1721 2893 2036 2976 praestari
2073 2897 2311 2976 posset,
2339 2916 2394 2955 30

418 3106 471 3173 1)
510 3102 857 3158 cuicuimodi
896 3103 1108 3158 Cam-Io.
1255 3104 1309 3173 2)
1345 3102 1710 3157 uectabulum
1748 3105 1811 3158 X
1819 3105 1894 3158 N.
1951 3102 2310 3158 uectaculum

261 3176 422 3231 codd.
480 3181 601 3231 cett.
821 3177 874 3243 8)
912 3175 982 3240 cf.
1033 3175 1120 3229 lex
1158 3175 1298 3228 XII
1343 3174 1451 3229 tab.
1483 3179 1533 3240 8,
1565 3180 1596 3227 3
1643 3176 1862 3244 (Brwns
1896 3174 1965 3243 1⁶,
1996 3177 2102 3245 29).
2351 3180 2356 3185 ’

265 3251 322 3316 4)
362 3246 423 3300 id
460 3245 619 3301 codd.
829 3248 883 3314 5)
919 3248 1188 3313 rupturae
1227 3246 1303 3300 N.
1360 3247 1562 3315 ruptae
1602 3251 1717 3301 cett
1758 3247 1911 3300 codd.
2123 3250 2174 3316 6)
2212 3265 2309 3316 pa-

263 3318 555 3372 rimimam
612 3316 863 3372 Oiseliue.
918 3315 1267 3370 rarissimum
1305 3318 1368 3370 X
1381 3317 1500 3372 011
1503 3317 1580 3371 N.
1646 3318 1931 3371 rarissime
1984 3317 2102 3387 QZ.

267 3393 320 3460 ⁶1)
358 3388 578 3444 talione
614 3388 707 3460 eo]
743 3388 994 3444 talioneo
1034 3389 1151 3443 Ha.
1209 3387 1423 3442 talione
1460 3388 1562 3441 del.
1601 3390 1681 3443 ed.
1723 3390 1896 3454 lunt„
1936 3389 2147 3445 Carrio
2230 3408 2237 3431 ··

265 3464 320 3529 8)
356 3460 746 3532 inprudensne
787 3460 843 3515 0.
865 3460 932 3514 F.
958 3460 1043 3514 W.
1066 3461 1317 3515 Mueller
1376 3459 1759 3529 inprudensne
1795 3460 1948 3515 codd.

267 3536 465 3603 mom.
509 3531 631 3604 QZ
