2650 3917
319 156 449 221 318
908 158 1034 214 GAI
1068 159 1325 216 [ΝΒΤΙΤ.
1362 160 1440 215 111
1480 166 1777 216 185-189.

319 324 694 391 ciuitatibus
740 322 1096 408 surreptas¹
1137 345 1240 388 res
1279 325 1348 388 in
1394 324 1553 389 alias
1600 325 1897 391 ciuitates
1933 326 2045 391 uel
2079 327 2149 391 in
2194 326 2358 391 alias

317 415 686 498 prouincias
734 413 1056 478 destinant
1091 413 1266 479 fures
1304 411 1642 498 perferre.²
1733 437 1812 480 ex
1850 415 2098 479 duabus
2134 415 2359 499 itaque

319 503 759 588 superioribus
807 502 1222 586 opinionibus
1269 503 1581 569 alterutra
1635 503 2090 589 adprobatur33
2144 506 2358 590 magis

318 597 534 658 tamen
579 592 871 678 plerique
917 594 1338 676 posteriorem
1382 595 1679 679 probant.
1772 593 1897 660 185.
1934 593 2000 658 N
2002 592 2111 659 ec⁴
2155 595 2359 658 mani-

319 683 557 747 festum
602 681 852 747 furtum
901 681 1054 765 quid
1071 678 1095 718 5
1132 684 1236 763 sit,
1283 705 1364 747 ex
1400 683 1500 767 iis,
1547 704 1711 767 quae
1758 683 2057 766 diximuS,
2103 684 2358 748 intelle-

319 772 514 858 gitur.
603 793 756 836 nam
803 768 1016 854 quod⁶
1059 772 1472 837 manifestum
1520 794 1650 837 non
1698 776 1820 855 est,
1881 773 1950 837 id
1994 793 2114 838 nec
2157 775 2359 838 mani-

318 861 556 925 festum
593 865 707 925 est.
798 859 924 925 186.
974 858 1373 945 Conceptum
1416 861 1663 927 furtum
1701 861 1953 945 dicitur,
1992 883 2139 927 cum
2183 863 2357 949 apud

319 951 600 1035 aliquem
645 949 923 1015 testibus
973 950 1420 1035 praesentibus
1465 948 1750 1016 furtiua⁷
1794 972 1896 1017 res
1954 951 2247 1035 quaesita
2292 956 2359 1016 et

320 1041 583 1105 inuenta
648 1043 760 1104 est.
871 1062 1019 1105 nam
1084 1040 1152 1103 in'
1217 1062 1366 1104 eum
1429 1041 1692 1124 propria
1756 1041 1925 1105 actio
2004 1042 2360 1106 constituta

319 1133 445 1212 est,
509 1130 806 1213 quamuis
862 1129 968 1193 fur
1019 1151 1154 1194 non
1213 1130 1325 1213 sit,
1393 1151 1555 1213 quae
1617 1130 1980 1216 appellatur
2043 1130 2357 1214 concepti.

319 1218 445 1284 187.
492 1215 796 1282 Oblatum
842 1218 1087 1283 furtum
1143 1218 1404 1301 dicitur,
1460 1241 1609 1285 cum
1655 1240 1757 1283 res
1813 1219 2061 1284 furtiua
2106 1219 2229 1283 tibi
2276 1221 2358 1284 ab

319 1308 537 1392 aliquo
587 1307 803 1372 oblata
849 1307 935 1372 sit
980 1330 1180 1392 eaque
1226 1309 1399 1392 apud
1443 1312 1509 1373 te
1555 1311 1866 1393 concepta
1921 1309 2035 1393 sit,
2095 1307 2358 1394 utique⁸

321 1398 376 1461 si
423 1419 498 1461 ea
542 1400 757 1461 mente
803 1397 953 1461 data
997 1397 1120 1461 tibi
1166 1397 1390 1478 fuerit,
1434 1401 1510 1463 ut
1554 1398 1728 1481 apud
1772 1402 1838 1463 te
1892 1398 2113 1482 potius
2161 1420 2359 1486 quam

319 1486 492 1570 apud
539 1508 702 1569 eum,
750 1485 861 1569 qui
909 1487 1181 1570 dederit,
1241 1489 1701 1572 conciperetur.
1793 1509 1941 1552 nam
1987 1487 2129 1571 tibi,
2183 1489 2359 1572 apud

321 1597 511 1659 quem
557 1580 868 1659 concepta
905 1580 1018 1657 est,
1063 1577 1329 1661 propria
1375 1578 1680 1642 aduersus
1728 1599 1891 1659 eum,
1939 1578 2051 1661 qui
2099 1578 2359 1662 optulit,

321 1665 617 1749 quamuis
653 1665 761 1728 fur
797 1686 927 1728 non
966 1666 1070 1748 sit,
1118 1668 1474 1731 constituta
1510 1671 1609 1731 est
1645 1667 1836 1750 acti0,
1880 1687 2040 1748 quae
2073 1666 2361 1751 appella-

319 1759 428 1818 tur
489 1751 752 1819 oblati.⁹
840 1754 963 1821 188.
1012 1755 1134 1819 Est
1189 1757 1388 1820 etiam
1424 1755 1762 1839 ‚prohibiti
1816 1755 1977 1821 furti
2032 1758 2193 1822 actio
2249 1757 2360 1821 ad-

319 1865 542 1908 uersus
582 1865 744 1923 eum,
783 1845 896 1927 qui
931 1844 1179 1909 furtum
1227 1866 1532 1929 quaerere
1568 1845 1895 1910 uolentem
1931 1845 2356 1928 prohibuerit.

453 1932 576 1997 189.
625 1932 841 1998 Poena
886 1934 1211 1999 manifesti
1271 1933 1431 1999 furti
1497 1956 1576 1998 ex
1633 1936 1777 2021 lege
1824 1953 1926 1998 ΧΠ
1989 1935 2360 2000 tabularum

321 2021 614 2107 capitalis
679 2027 830 2087 erat.
922 2045 1069 2088 nam
1131 2023 1296 2088 liber
1358 2024 1732 2088 uerberatus
1799 2023 2219 2090 addicebatur
2282 2025 2360 2108 ei,

319 2111 437 2177 cui.
467 2111 717 2176 furtum
762 2111 1032 2194 feceratt,
1076 2116 1295 2177 utrum
1344 2116 1560 2177 autem
1606 2134 1830 2178 seruus
1878 2113 2243 2179 efficeretur
2278 2136 2358 2178 ex

320 2201 681 2266 addictione
737 2223 820 2266 an
878 2201 1224 2267 adiudicati
1237 2200 1287 2239 ¹⁰
1331 2204 1478 2268 loco
1526 2204 2059 2287 constitueretur,
2106 2206 2359 2269 ueteres

468 2397 517 2465 1)
556 2397 811 2465 surrepto
846 2394 911 2447 V.
1096 2397 1149 2465 2)
1187 2394 1437 2465 proferre
1472 2395 1539 2449 V.
1736 2398 1790 2465 3)
1829 2396 2109 2466 adprobat
2144 2397 2209 2451 V.

319 2469 374 2536 4)
411 2467 473 2520 ni
509 2466 576 2520 V.
759 2469 814 2536 5)
850 2467 1001 2535 quod
1036 2467 1104 2521 V.
1268 2473 1322 2537 6)
1361 2473 1421 2536 q·
1462 2469 1524 2535 (i.
1554 2486 1598 2521 e.
1646 2471 1811 2537 quae)
1855 2467 1915 2522 V.
2101 2470 2151 2538 ’1)
2190 2467 2359 2522 furti-

319 2538 462 2592 busa
497 2538 565 2592 V.
676 2540 730 2608 8)
767 2538 862 2592 uel
897 2538 1095 2609 utique
1133 2538 1198 2593 V.
1311 2541 1364 2609 9)
1403 2538 1570 2594 obliti
1603 2539 1668 2593 V.
1782 2542 1869 2610 10)
1906 2556 2043 2595 ‘num
2077 2539 2360 2595 iudicati?

463 2708 527 2767 ἐξ
568 2705 866 2755 186-188.
905 2726 974 2745 =
1002 2701 1052 2754 I.
1092 2706 1143 2767 4,
1176 2705 1223 2766 1,
1251 2705 1303 2754 4.
1360 2702 1428 2767 cf.
1472 2700 1586 2754 Gai
1620 2701 1744 2769 epit.
1787 2706 1837 2767 2,
1868 2704 1953 2767 10,
1984 2705 2031 2753 2.

460 2778 490 2838 g
533 2778 650 2826 186.
707 2773 776 2839 ef.
817 2771 982 2826 Paul.
1014 2777 1062 2838 2,
1094 2776 1179 2837 31,
1210 2777 1269 2837 8;
1299 2778 1332 2825 5
1364 2799 1428 2816 =
1461 2771 1591 2825 0011.
1633 2777 1680 2835 7,
1712 2775 1762 2837 5,
1789 2776 1849 2838 4;
1881 2777 1929 2825 6.
1987 2772 2065 2826 D.
2104 2777 2190 2838 22,
2212 2777 2263 2840 5,
2288 2778 2355 2826 12

318 2846 470 2915 (Utp.
506 2846 679 2913 1058).
736 2842 979 2898 testibus
1033 2841 1452 2915 praesentibus]
1506 2844 1575 2909 cf.
1617 2843 1804 2897 Plaut.
1852 2844 2083 2897 Poenul.
2124 2849 2174 2912 3,
2204 2848 2256 2911 5,
2287 2849 2356 2896 16

460 2993 490 3052 §
533 2992 651 3041 187.
708 2987 776 3054 ef.
818 2987 982 3040 Paul.
1024 2992 1073 3052 2,
1105 2991 1190 3052 31,
1221 2992 1282 3052 3;
1322 2992 1354 3037 5
1385 3011 1452 3031 =
1486 2986 1615 3042 Gon.
1659 2991 1706 3052 7,
1737 2992 1788 3054 5,
1818 2991 1877 3053 4,
1910 2992 1958 3039 6.

460 3064 490 3124 ξ
532 3063 651 3112 189.
708 3060 777 3126 cf.
828 3059 923 3128 ley.
964 3080 1037 3111 xl!
1086 3059 1193 3112 tab.
1235 3063 1285 3125 8,
1318 3063 1385 3111 14
1424 3059 1639 3127 (Bo-uns
1674 3056 1742 3123 1⁶,
1774 3059 1878 3127 32).
1953 3058 2112 3125 infra
2149 3062 2199 3123 4,
2233 3062 2355 3112 111.

321 3130 457 3184 Gen.
511 3136 593 3195 11,
636 3135 719 3196 18,
751 3135 799 3184 9.
849 3134 935 3195 20,
967 3135 1015 3196 1,
1047 3135 1075 3182 7
1134 3131 1327 3199 (supra
1363 3146 1416 3197 p.
1449 3131 1553 3198 98).
1612 3133 1641 3182 6
1664 3131 1756 3199 (7),
1787 3134 1853 3183 15
1911 3131 2106 3199 (supra
2151 3146 2213 3199 p.
2245 3131 2354 3200 60).

317 3203 506 3257 Plaut.
538 3203 705 3256 Poen.
738 3209 788 3268 4,
820 3206 869 3266 2,
901 3205 958 3252 11
996 3227 1064 3246 =
1094 3206 1216 3254 888.
1273 3200 1419 3255 Serv.
1459 3200 1535 3254 ad
1570 3204 1702 3254 Aen.
1743 3205 1793 3266 8,
1825 3205 1929 3253 205
1967 3201 2114 3256 wude
2148 3201 2354 3255 Isidor.

317 3276 451 3343 oriy.
494 3278 542 3339 5,
574 3279 657 3338 26,
692 3279 774 3326 18.
847 3272 1002 3327 ovid.
1040 3274 1198 3327 Fast.
1237 3278 1286 3339 3,
1317 3277 1439 3326 845.
1506 3270 1807 3340 quadrupli
1851 3271 2025 3343 actio]
2071 3272 2142 3338 cf.
2193 3274 2357 3340 infra

317 3349 528 3410 4,111;
574 3349 688 3397 173.
746 3344 913 3398 Paul.
964 3349 1012 3409 2,
1045 3348 1244 3409 31,13.
1311 3345 1359 3397 Ι.
1393 3350 1443 3409 4,
1475 3349 1522 3409 1,
1554 3348 1602 3396 5.
1656 3349 1705 3408 4,
1738 3350 1873 3412 2pr.
1913 3348 1962 3405 4,
1997 3349 2164 3412 iepr.
2229 3359 2355 3398 oum

325 3415 556 3484 Dteoph.
596 3421 675 3484 (p.
707 3420 810 3468 468
849 3414 1045 3484 Fam).
1102 3416 1179 3469 D.
1220 3421 1305 3481 39,
1335 3423 1385 3482 4,
1420 3421 1466 3481 1,
1497 3419 1528 3467 3
1568 3415 1721 3483 (Ulp.
1765 3417 1939 3483 1804).
2006 3420 2092 3481 47,
2123 3421 2174 3480 2,
2202 3420 2290 3481 46,
2320 3422 2353 3469 2

319 3486 472 3555 (Ulp.
495 3489 672 3554 2878).
703 3491 790 3552 47,
820 3491 869 3553 2,
891 3491 959 3539 5ο
974 3503 1061 3554 pr.
1092 3486 1247 3555 (Uzp.
1273 3490 1447 3556 1040).
1496 3486 1682 3540 Plaut.
1716 3487 1873 3541 cmc.
1904 3491 1955 3552 5,
1981 3492 2030 3551 2,
2052 3493 2118 3540 21
2140 3512 2208 3532 =
2230 3492 2353 3541 619.

324 3556 559 3627 Quintil.
597 3558 737 3611 Inst.
776 3574 853 3612 or.
896 3562 944 3625 7,
972 3562 1024 3624 4,
1054 3561 1139 3610 44.
1181 3563 1230 3625 7,
1260 3563 1310 3625 6,
1342 3564 1392 3613 2.
