<?xml version="1.0" encoding="UTF-8"?>
<!DOCTYPE html PUBLIC "-//W3C//DTD XHTML 1.0 Transitional//EN"
    "http://www.w3.org/TR/xhtml1/DTD/xhtml1-transitional.dtd">
<html xmlns="http://www.w3.org/1999/xhtml" xml:lang="en" lang="en">
 <head>
  <title>
</title>
<meta http-equiv="Content-Type" content="text/html;charset=utf-8" />
  <meta name='ocr-system' content='tesseract 3.04.00' />
  <meta name='ocr-capabilities' content='ocr_page ocr_carea ocr_par ocr_line ocrx_word'/>
</head>
<body>
  <div class='ocr_page' id='page_1' title='image "./ivrisprvdentiae00kbgoog/ivrisprvdentiae00kbgoog_0267.png"; bbox 0 0 2650 3917; ppageno 0'>
   <div class='ocr_carea' id='block_1_1' title="bbox 833 153 2267 219">
    <p class='ocr_par' dir='ltr' id='par_1_1' title="bbox 833 153 2267 219">
     <span class='ocr_line' id='line_1_1' title="bbox 833 153 2267 219; baseline 0.008 -11"><span class='ocrx_word' id='word_1_1' title='bbox 833 153 959 208; x_wconf 77' lang='lat' dir='ltr'><strong><em>GAJ</em></strong></span> <span class='ocrx_word' id='word_1_2' title='bbox 991 154 1245 210; x_wconf 82' lang='lat' dir='ltr'>INSTIT.</span> <span class='ocrx_word' id='word_1_3' title='bbox 1283 155 1336 208; x_wconf 91' lang='grc' dir='ltr'>Π</span> <span class='ocrx_word' id='word_1_4' title='bbox 1375 160 1673 210; x_wconf 83' lang='lat'>152—156.</span> <span class='ocrx_word' id='word_1_5' title='bbox 2140 156 2267 219; x_wconf 85' lang='lat'>231</span> 
     </span>
    </p>
   </div>
   <div class='ocr_carea' id='block_1_2' title="bbox 236 318 2380 2367">
    <p class='ocr_par' dir='ltr' id='par_1_2' title="bbox 236 318 2380 762">
     <span class='ocr_line' id='line_1_2' title="bbox 239 318 2275 404; baseline 0.001 -22"><span class='ocrx_word' id='word_1_6' title='bbox 239 320 351 404; x_wconf 91' lang='lat' dir='ltr'><strong><em>qui</em></strong></span> <span class='ocrx_word' id='word_1_7' title='bbox 390 340 467 382; x_wconf 83' lang='lat' dir='ltr'><strong><em>ex</em></strong></span> <span class='ocrx_word' id='word_1_8' title='bbox 505 338 581 382; x_wconf 93' lang='lat' dir='ltr'><strong><em>eo</em></strong></span> <span class='ocrx_word' id='word_1_9' title='bbox 620 321 1007 383; x_wconf 86' lang='lat' dir='ltr'><strong><em>testamento</em></strong></span> <span class='ocrx_word' id='word_1_10' title='bbox 1044 318 1230 383; x_wconf 91' lang='lat' dir='ltr'><strong><em>heres</em></strong></span> <span class='ocrx_word' id='word_1_11' title='bbox 1268 325 1371 398; x_wconf 80' lang='lat' dir='ltr'><strong><em>est,</em></strong></span> <span class='ocrx_word' id='word_1_12' title='bbox 1417 323 1595 402; x_wconf 89' lang='lat' dir='ltr'><strong><em>petat</em></strong></span> <span class='ocrx_word' id='word_1_13' title='bbox 1629 318 2048 398; x_wconf 77' lang='lat' dir='ltr'><strong><em>hereditatem,</em></strong></span> <span class='ocrx_word' id='word_1_14' title='bbox 2073 325 2275 402; x_wconf 81' lang='lat' dir='ltr'><strong><em>potest</em></strong></span> 
     </span>
     <span class='ocr_line' id='line_1_3' title="bbox 237 408 2274 491; baseline 0 -18"><span class='ocrx_word' id='word_1_15' title='bbox 237 430 375 474; x_wconf 78' lang='lat' dir='ltr'><strong><em>enm</em></strong></span> <span class='ocrx_word' id='word_1_16' title='bbox 429 428 551 490; x_wconf 87' lang='lat' dir='ltr'><strong><em>per</em></strong></span> <span class='ocrx_word' id='word_1_17' title='bbox 613 409 1019 489; x_wconf 76' lang='lat' dir='ltr'><strong><em>exceptionem</em></strong></span> <span class='ocrx_word' id='word_1_18' title='bbox 1076 408 1202 472; x_wconf 73' lang='lat' dir='ltr'><em>doli</em></span> <span class='ocrx_word' id='word_1_19' title='bbox 1257 408 1415 472; x_wconf 81' lang='lat' dir='ltr'><strong><em>mali</em></strong></span> <span class='ocrx_word' id='word_1_20' title='bbox 1476 408 1797 491; x_wconf 83' lang='lat' dir='ltr'><strong><em>repellere,</em></strong></span> <span class='ocrx_word' id='word_1_21' title='bbox 1864 410 1918 473; x_wconf 86' lang='lat' dir='ltr'><strong><em>si</em></strong></span> <span class='ocrx_word' id='word_1_22' title='bbox 1974 409 2155 474; x_wconf 83' lang='lat' dir='ltr'><strong><em>modo</em></strong></span> <span class='ocrx_word' id='word_1_23' title='bbox 2202 431 2274 473; x_wconf 90' lang='lat' dir='ltr'><strong><em>ea</em></strong></span> 
     </span>
     <span class='ocr_line' id='line_1_4' title="bbox 241 497 2276 581; baseline 0 -19"><span class='ocrx_word' id='word_1_24' title='bbox 241 518 412 563; x_wconf 82' lang='lat' dir='ltr'><strong><em>mens</em></strong></span> <span class='ocrx_word' id='word_1_25' title='bbox 457 499 764 562; x_wconf 76' lang='lat' dir='ltr'><strong><em>testatoris</em></strong></span> <span class='ocrx_word' id='word_1_26' title='bbox 815 498 1012 577; x_wconf 80' lang='lat' dir='ltr'><strong><em>fuisse</em></strong></span> <span class='ocrx_word' id='word_1_27' title='bbox 1060 497 1373 581; x_wconf 79' lang='lat' dir='ltr'><strong><em>probetur,</em></strong></span> <span class='ocrx_word' id='word_1_28' title='bbox 1425 504 1497 562; x_wconf 82' lang='lat' dir='ltr'><strong><em>at</em></strong></span> <span class='ocrx_word' id='word_1_29' title='bbox 1540 498 1630 562; x_wconf 84' lang='lat' dir='ltr'><strong><em>ad</em></strong></span> <span class='ocrx_word' id='word_1_30' title='bbox 1672 518 1795 577; x_wconf 71' lang='lat' dir='ltr'><strong><em>ece,</em></strong></span> <span class='ocrx_word' id='word_1_31' title='bbox 1849 500 1959 579; x_wconf 78' lang='lat' dir='ltr'><strong><em>qui</em></strong></span> <span class='ocrx_word' id='word_1_32' title='bbox 2003 499 2081 562; x_wconf 85' lang='lat' dir='ltr'><strong><em>ab</em></strong></span> <span class='ocrx_word' id='word_1_33' title='bbox 2128 500 2276 563; x_wconf 82' lang='lat' dir='ltr'><strong><em>inte-</em></strong></span> 
     </span>
     <span class='ocr_line' id='line_1_5' title="bbox 236 584 2380 672; baseline -0.002 -19"><span class='ocrx_word' id='word_1_34' title='bbox 236 593 396 653; x_wconf 78' lang='lat' dir='ltr'><strong><em>stato</em></strong></span> <span class='ocrx_word' id='word_1_35' title='bbox 432 591 752 665; x_wconf 79' lang='lat' dir='ltr'><strong><em>uocantur,</em></strong></span> <span class='ocrx_word' id='word_1_36' title='bbox 787 584 792 672; x_wconf 70' lang='grc' dir='ltr'>Ι</span> <span class='ocrx_word' id='word_1_37' title='bbox 825 588 1159 670; x_wconf 87' lang='lat' dir='ltr'><strong><em>perueniat</em></strong></span> <span class='ocrx_word' id='word_1_38' title='bbox 1194 587 1541 650; x_wconf 74' lang='lat' dir='ltr'><strong><em>hereditas:</em></strong></span> <span class='ocrx_word' id='word_1_39' title='bbox 1581 593 1646 651; x_wconf 87' lang='lat' dir='ltr'><strong><em>et</em></strong></span> <span class='ocrx_word' id='word_1_40' title='bbox 1676 587 1802 651; x_wconf 88' lang='lat' dir='ltr'><strong><em>hoc</em></strong></span> <span class='ocrx_word' id='word_1_41' title='bbox 1838 588 1931 651; x_wconf 89' lang='lat' dir='ltr'><strong><em>ita</em></strong></span> <span class='ocrx_word' id='word_1_42' title='bbox 1965 588 2273 671; x_wconf 86' lang='lat' dir='ltr'><strong><em>rescripto</em></strong></span> <span class='ocrx_word' id='word_1_43' title='bbox 2314 600 2380 648; x_wconf 83' lang='lat'><strong><em>93</em></strong></span> 
     </span>
     <span class='ocr_line' id='line_1_6' title="bbox 238 675 1477 762; baseline -0.002 -21"><span class='ocrx_word' id='word_1_44' title='bbox 238 676 648 760; x_wconf 89' lang='lat' dir='ltr'><strong><em>imperatoris</em></strong></span> <span class='ocrx_word' id='word_1_45' title='bbox 694 675 1010 740; x_wconf 77' lang='lat' dir='ltr'>Antonini</span> <span class='ocrx_word' id='word_1_46' title='bbox 1060 676 1477 762; x_wconf 85' lang='lat' dir='ltr'><strong><em>significatur.</em></strong></span> 
     </span>
    </p>

    <p class='ocr_par' dir='ltr' id='par_1_3' title="bbox 239 763 2283 2367">
     <span class='ocr_line' id='line_1_7' title="bbox 372 763 2277 831; baseline 0 -2"><span class='ocrx_word' id='word_1_47' title='bbox 372 765 501 831; x_wconf 83' lang='lat'>152.</span> <span class='ocrx_word' id='word_1_48' title='bbox 550 763 832 829; x_wconf 81' lang='lat' dir='ltr'><strong><em>Heredes</em></strong></span> <span class='ocrx_word' id='word_1_49' title='bbox 880 768 1094 829; x_wconf 91' lang='lat' dir='ltr'><strong><em>autem</em></strong></span> <span class='ocrx_word' id='word_1_50' title='bbox 1131 770 1243 829; x_wconf 88' lang='lat' dir='ltr'><strong><em>aut</em></strong></span> <span class='ocrx_word' id='word_1_51' title='bbox 1287 765 1628 830; x_wconf 85' lang='lat' dir='ltr'><strong><em>necessarii</em></strong></span> <span class='ocrx_word' id='word_1_52' title='bbox 1676 765 1977 830; x_wconf 87' lang='lat' dir='ltr'><strong><em>dicuntur</em></strong></span> <span class='ocrx_word' id='word_1_53' title='bbox 2022 769 2135 829; x_wconf 89' lang='lat' dir='ltr'><strong><em>aut</em></strong></span> <span class='ocrx_word' id='word_1_54' title='bbox 2177 767 2277 829; x_wconf 87' lang='lat' dir='ltr'><strong><em>sui</em></strong></span> 
     </span>
     <span class='ocr_line' id='line_1_8' title="bbox 241 853 2281 920; baseline -0 0"><span class='ocrx_word' id='word_1_55' title='bbox 241 859 305 920; x_wconf 87' lang='lat' dir='ltr'><strong><em>et</em></strong></span> <span class='ocrx_word' id='word_1_56' title='bbox 351 855 697 920; x_wconf 86' lang='lat' dir='ltr'><strong><em>necessarii</em></strong></span> <span class='ocrx_word' id='word_1_57' title='bbox 741 859 853 919; x_wconf 86' lang='lat' dir='ltr'><strong><em>aut</em></strong></span> <span class='ocrx_word' id='word_1_58' title='bbox 914 857 1200 919; x_wconf 83' lang='lat' dir='ltr'><strong><em>extranei</em></strong></span> <span class='ocrx_word' id='word_1_59' title='bbox 1307 854 1432 918; x_wconf 85' lang='lat'>153.</span> <span class='ocrx_word' id='word_1_60' title='bbox 1480 853 1894 918; x_wconf 75' lang='lat' dir='ltr'><strong><em>Necessariae</em></strong></span> <span class='ocrx_word' id='word_1_61' title='bbox 1949 854 2134 918; x_wconf 83' lang='lat' dir='ltr'><strong><em>heres</em></strong></span> <span class='ocrx_word' id='word_1_62' title='bbox 2182 859 2281 919; x_wconf 85' lang='lat' dir='ltr'><strong><em>est</em></strong></span> 
     </span>
     <span class='ocr_line' id='line_1_9' title="bbox 242 943 2277 1028; baseline -0.002 -18"><span class='ocrx_word' id='word_1_63' title='bbox 242 966 468 1011; x_wconf 84' lang='lat' dir='ltr'><strong><em>seruus</em></strong></span> <span class='ocrx_word' id='word_1_64' title='bbox 515 966 662 1008; x_wconf 89' lang='lat' dir='ltr'><strong><em>cum</em></strong></span> <span class='ocrx_word' id='word_1_65' title='bbox 707 943 1005 1007; x_wconf 86' lang='lat' dir='ltr'><strong><em>libertate</em></strong></span> <span class='ocrx_word' id='word_1_66' title='bbox 1060 943 1242 1009; x_wconf 83' lang='lat' dir='ltr'><strong><em>heres</em></strong></span> <span class='ocrx_word' id='word_1_67' title='bbox 1301 944 1664 1028; x_wconf 82' lang='lat' dir='ltr'><strong><em>institutus3</em></strong></span> <span class='ocrx_word' id='word_1_68' title='bbox 1724 943 1867 1007; x_wconf 87' lang='lat' dir='ltr'><strong><em>ideo</em></strong></span> <span class='ocrx_word' id='word_1_69' title='bbox 1917 944 2008 1008; x_wconf 89' lang='lat' dir='ltr'><strong><em>sic</em></strong></span> <span class='ocrx_word' id='word_1_70' title='bbox 2062 944 2277 1028; x_wconf 88' lang='lat' dir='ltr'><strong><em>appel-</em></strong></span> 
     </span>
     <span class='ocr_line' id='line_1_10' title="bbox 239 1032 2279 1117; baseline -0 -18"><span class='ocrx_word' id='word_1_71' title='bbox 239 1035 439 1116; x_wconf 71' lang='lat' dir='ltr'><strong><em>latus,</em></strong></span> <span class='ocrx_word' id='word_1_72' title='bbox 513 1033 666 1117; x_wconf 89' lang='lat' dir='ltr'><strong><em>quia</em></strong></span> <span class='ocrx_word' id='word_1_73' title='bbox 739 1034 878 1098; x_wconf 88' lang='lat' dir='ltr'><strong><em>siue</em></strong></span> <span class='ocrx_word' id='word_1_74' title='bbox 950 1032 1110 1098; x_wconf 88' lang='lat' dir='ltr'><strong><em>uelit</em></strong></span> <span class='ocrx_word' id='word_1_75' title='bbox 1175 1035 1313 1098; x_wconf 84' lang='lat' dir='ltr'><strong><em>siue</em></strong></span> <span class='ocrx_word' id='word_1_76' title='bbox 1379 1033 1569 1115; x_wconf 86' lang='lat' dir='ltr'><strong><em>nolit,</em></strong></span> <span class='ocrx_word' id='word_1_77' title='bbox 1636 1033 1812 1097; x_wconf 91' lang='lat' dir='ltr'><strong><em>omni</em></strong></span> <span class='ocrx_word' id='word_1_78' title='bbox 1875 1033 2067 1097; x_wconf 92' lang='lat' dir='ltr'><strong><em>modo</em></strong></span> <span class='ocrx_word' id='word_1_79' title='bbox 2127 1037 2279 1116; x_wconf 88' lang='lat' dir='ltr'><strong><em>post</em></strong></span> 
     </span>
     <span class='ocr_line' id='line_1_11' title="bbox 239 1121 2277 1205; baseline -0.001 -17"><span class='ocrx_word' id='word_1_80' title='bbox 239 1127 515 1188; x_wconf 89' lang='lat' dir='ltr'><strong><em>mortem</em></strong></span> <span class='ocrx_word' id='word_1_81' title='bbox 551 1123 881 1187; x_wconf 85' lang='lat' dir='ltr'><strong><em>testatoris</em></strong></span> <span class='ocrx_word' id='word_1_82' title='bbox 919 1123 1218 1205; x_wconf 88' lang='lat' dir='ltr'><strong><em>protinus</em></strong></span> <span class='ocrx_word' id='word_1_83' title='bbox 1248 1123 1412 1186; x_wconf 89' lang='lat' dir='ltr'><strong><em>liber</em></strong></span> <span class='ocrx_word' id='word_1_84' title='bbox 1440 1126 1506 1186; x_wconf 90' lang='lat' dir='ltr'><strong><em>et</em></strong></span> <span class='ocrx_word' id='word_1_85' title='bbox 1530 1122 1716 1186; x_wconf 78' lang='lat' dir='ltr'><strong><em>heres</em></strong></span> <span class='ocrx_word' id='word_1_86' title='bbox 1746 1125 1859 1186; x_wconf 90' lang='lat' dir='ltr'><strong><em>est.</em></strong></span> <span class='ocrx_word' id='word_1_87' title='bbox 1932 1122 2060 1187; x_wconf 84' lang='lat'>154.</span> <span class='ocrx_word' id='word_1_88' title='bbox 2091 1121 2277 1187; x_wconf 90' lang='lat' dir='ltr'><strong><em>Unde</em></strong></span> 
     </span>
     <span class='ocr_line' id='line_1_12' title="bbox 243 1211 2278 1298; baseline -0.001 -20"><span class='ocrx_word' id='word_1_89' title='bbox 243 1213 355 1298; x_wconf 86' lang='lat' dir='ltr'><strong><em>qui</em></strong></span> <span class='ocrx_word' id='word_1_90' title='bbox 403 1213 743 1276; x_wconf 83' lang='lat' dir='ltr'><strong><em>facultates</em></strong></span> <span class='ocrx_word' id='word_1_91' title='bbox 782 1234 928 1276; x_wconf 86' lang='lat' dir='ltr'><strong><em>suas</em></strong></span> <span class='ocrx_word' id='word_1_92' title='bbox 972 1215 1304 1296; x_wconf 87' lang='lat' dir='ltr'><strong><em>suspectas</em></strong></span> <span class='ocrx_word' id='word_1_93' title='bbox 1345 1211 1554 1295; x_wconf 83' lang='lat' dir='ltr'><strong><em>habet,</em></strong></span> <span class='ocrx_word' id='word_1_94' title='bbox 1594 1212 1759 1276; x_wconf 89' lang='lat' dir='ltr'><strong><em>solet</em></strong></span> <span class='ocrx_word' id='word_1_95' title='bbox 1795 1233 2052 1275; x_wconf 90' lang='lat' dir='ltr'><strong><em>seruum</em></strong></span> <span class='ocrx_word' id='word_1_96' title='bbox 2093 1234 2278 1277; x_wconf 86' lang='lat' dir='ltr'><strong><em>suum</em></strong></span> 
     </span>
     <span class='ocr_line' id='line_1_13' title="bbox 243 1300 2278 1387; baseline -0.001 -21"><span class='ocrx_word' id='word_1_97' title='bbox 243 1303 458 1387; x_wconf 89' lang='lat' dir='ltr'><strong><em>primo</em></strong></span> <span class='ocrx_word' id='word_1_98' title='bbox 506 1305 619 1365; x_wconf 88' lang='lat' dir='ltr'><strong><em>aut</em></strong></span> <span class='ocrx_word' id='word_1_99' title='bbox 665 1301 943 1366; x_wconf 87' lang='lat' dir='ltr'><strong><em>secundo</em></strong></span> <span class='ocrx_word' id='word_1_100' title='bbox 990 1301 1098 1364; x_wconf 91' lang='lat' dir='ltr'><strong><em>uel</em></strong></span> <span class='ocrx_word' id='word_1_101' title='bbox 1143 1301 1336 1365; x_wconf 87' lang='lat' dir='ltr'><strong><em>etiam</em></strong></span> <span class='ocrx_word' id='word_1_102' title='bbox 1393 1300 1701 1365; x_wconf 80' lang='lat' dir='ltr'><strong><em>ulteriore</em></strong></span> <span class='ocrx_word' id='word_1_103' title='bbox 1749 1300 1949 1386; x_wconf 85' lang='lat' dir='ltr'><strong><em>gradu</em></strong></span> <span class='ocrx_word' id='word_1_104' title='bbox 2003 1301 2278 1366; x_wconf 90' lang='lat' dir='ltr'><strong><em>liberum</em></strong></span> 
     </span>
     <span class='ocr_line' id='line_1_14' title="bbox 243 1390 2281 1475; baseline -0.001 -19"><span class='ocrx_word' id='word_1_105' title='bbox 243 1395 306 1456; x_wconf 88' lang='lat' dir='ltr'><strong><em>et</em></strong></span> <span class='ocrx_word' id='word_1_106' title='bbox 370 1391 672 1456; x_wconf 88' lang='lat' dir='ltr'><strong><em>heredem</em></strong></span> <span class='ocrx_word' id='word_1_107' title='bbox 736 1391 1099 1474; x_wconf 85' lang='lat' dir='ltr'><strong><em>instituere,</em></strong></span> <span class='ocrx_word' id='word_1_108' title='bbox 1173 1394 1247 1454; x_wconf 91' lang='lat' dir='ltr'><strong><em>ut</em></strong></span> <span class='ocrx_word' id='word_1_109' title='bbox 1320 1392 1374 1453; x_wconf 92' lang='lat' dir='ltr'><strong><em>si</em></strong></span> <span class='ocrx_word' id='word_1_110' title='bbox 1438 1390 1861 1455; x_wconf 87' lang='lat' dir='ltr'><strong><em>creditoribus</em></strong></span> <span class='ocrx_word' id='word_1_111' title='bbox 1928 1392 2084 1475; x_wconf 78' lang='lat' dir='ltr'><strong><em>satis</em></strong></span> <span class='ocrx_word' id='word_1_112' title='bbox 2148 1413 2281 1454; x_wconf 91' lang='lat' dir='ltr'><strong><em>non</em></strong></span> 
     </span>
     <span class='ocr_line' id='line_1_15' title="bbox 240 1478 2280 1564; baseline -0 -19"><span class='ocrx_word' id='word_1_113' title='bbox 240 1482 376 1564; x_wconf 86' lang='lat' dir='ltr'><strong><em>fiat,</em></strong></span> <span class='ocrx_word' id='word_1_114' title='bbox 422 1482 641 1564; x_wconf 88' lang='lat' dir='ltr'><strong><em>potius</em></strong></span> <span class='ocrx_word' id='word_1_115' title='bbox 686 1479 880 1544; x_wconf 90' lang='lat' dir='ltr'><strong><em>huius</em></strong></span> <span class='ocrx_word' id='word_1_116' title='bbox 924 1478 1178 1543; x_wconf 89' lang='lat' dir='ltr'><strong><em>heredis</em></strong></span> <span class='ocrx_word' id='word_1_117' title='bbox 1226 1502 1416 1562; x_wconf 85' lang='lat' dir='ltr'><strong><em>quam</em></strong></span> <span class='ocrx_word' id='word_1_118' title='bbox 1468 1480 1672 1563; x_wconf 86' lang='lat' dir='ltr'><strong><em>ipsius</em></strong></span> <span class='ocrx_word' id='word_1_119' title='bbox 1726 1480 2055 1545; x_wconf 83' lang='lat' dir='ltr'><strong><em>testatoris</em></strong></span> <span class='ocrx_word' id='word_1_120' title='bbox 2112 1481 2280 1544; x_wconf 87' lang='lat' dir='ltr'><strong><em>bona</em></strong></span> 
     </span>
     <span class='ocr_line' id='line_1_16' title="bbox 240 1568 2280 1654; baseline 0 -20"><span class='ocrx_word' id='word_1_121' title='bbox 240 1573 522 1634; x_wconf 87' lang='lat' dir='ltr'><strong><em>ueneant</em></strong></span> <span class='ocrx_word' id='word_1_122' title='bbox 536 1568 575 1652; x_wconf 79' lang='lat'><strong><em>¹,</em></strong></span> <span class='ocrx_word' id='word_1_123' title='bbox 622 1568 689 1633; x_wconf 88' lang='lat' dir='ltr'><strong><em>id</em></strong></span> <span class='ocrx_word' id='word_1_124' title='bbox 735 1572 860 1652; x_wconf 85' lang='lat' dir='ltr'><strong><em>est,</em></strong></span> <span class='ocrx_word' id='word_1_125' title='bbox 904 1573 980 1632; x_wconf 89' lang='lat' dir='ltr'><strong><em>ut</em></strong></span> <span class='ocrx_word' id='word_1_126' title='bbox 1024 1569 1408 1654; x_wconf 85' lang='lat' dir='ltr'><strong>ignominia,</strong></span> <span class='ocrx_word' id='word_1_127' title='bbox 1470 1590 1635 1651; x_wconf 87' lang='lat' dir='ltr'><strong><em>quae</em></strong></span> <span class='ocrx_word' id='word_1_128' title='bbox 1680 1568 1951 1633; x_wconf 76' lang='lat' dir='ltr'><strong><em>accidit²</em></strong></span> <span class='ocrx_word' id='word_1_129' title='bbox 1996 1592 2075 1633; x_wconf 84' lang='lat' dir='ltr'><strong><em>ex</em></strong></span> <span class='ocrx_word' id='word_1_130' title='bbox 2129 1592 2280 1634; x_wconf 90' lang='lat' dir='ltr'><strong><em>uen-</em></strong></span> 
     </span>
     <span class='ocr_line' id='line_1_17' title="bbox 243 1656 2280 1743; baseline 0 -21"><span class='ocrx_word' id='word_1_131' title='bbox 243 1660 490 1723; x_wconf 89' lang='lat' dir='ltr'><strong><em>ditione</em></strong></span> <span class='ocrx_word' id='word_1_132' title='bbox 545 1660 890 1735; x_wconf 88' lang='lat' dir='ltr'><strong><em>bonorum,</em></strong></span> <span class='ocrx_word' id='word_1_133' title='bbox 954 1658 1129 1724; x_wconf 87' lang='lat' dir='ltr'><strong><em>hune</em></strong></span> <span class='ocrx_word' id='word_1_134' title='bbox 1181 1659 1401 1742; x_wconf 88' lang='lat' dir='ltr'><strong><em>potius</em></strong></span> <span class='ocrx_word' id='word_1_135' title='bbox 1464 1656 1764 1721; x_wconf 86' lang='lat' dir='ltr'><strong><em>heredem</em></strong></span> <span class='ocrx_word' id='word_1_136' title='bbox 1821 1680 2013 1741; x_wconf 90' lang='lat' dir='ltr'><strong><em>quam</em></strong></span> <span class='ocrx_word' id='word_1_137' title='bbox 2066 1658 2280 1743; x_wconf 89' lang='lat' dir='ltr'><strong><em>ipsum</em></strong></span> 
     </span>
     <span class='ocr_line' id='line_1_18' title="bbox 241 1745 2279 1832; baseline -0 -19"><span class='ocrx_word' id='word_1_138' title='bbox 241 1752 618 1813; x_wconf 71' lang='lat' dir='ltr'><strong><em>testatorem</em></strong></span> <span class='ocrx_word' id='word_1_139' title='bbox 648 1748 1010 1832; x_wconf 83' lang='lat' dir='ltr'><strong><em>contingat3</em></strong></span> <span class='ocrx_word' id='word_1_140' title='bbox 1058 1769 1449 1831; x_wconf 88' lang='lat' dir='ltr'><strong><em>quamquam</em></strong></span> <span class='ocrx_word' id='word_1_141' title='bbox 1481 1747 1653 1830; x_wconf 85' lang='lat' dir='ltr'><strong><em>apud</em></strong></span> <span class='ocrx_word' id='word_1_142' title='bbox 1680 1745 2004 1811; x_wconf 86' lang='lat' dir='ltr'><strong><em>Fufidium</em></strong></span> <span class='ocrx_word' id='word_1_143' title='bbox 2035 1746 2279 1812; x_wconf 85' lang='lat' dir='ltr'><strong><em>Sabino</em></strong></span> 
     </span>
     <span class='ocr_line' id='line_1_19' title="bbox 241 1835 2276 1923; baseline -0 -21"><span class='ocrx_word' id='word_1_144' title='bbox 241 1839 496 1923; x_wconf 87' lang='lat' dir='ltr'><strong><em>placeat</em></strong></span> <span class='ocrx_word' id='word_1_145' title='bbox 544 1836 949 1901; x_wconf 83' lang='lat' dir='ltr'><strong><em>eximendum</em></strong></span> <span class='ocrx_word' id='word_1_146' title='bbox 999 1860 1146 1901; x_wconf 88' lang='lat' dir='ltr'><strong><em>eum</em></strong></span> <span class='ocrx_word' id='word_1_147' title='bbox 1193 1858 1331 1901; x_wconf 92' lang='lat' dir='ltr'><strong><em>esse</em></strong></span> <span class='ocrx_word' id='word_1_148' title='bbox 1377 1835 1751 1921; x_wconf 87' lang='lat' dir='ltr'><strong><em>ignominia,</em></strong></span> <span class='ocrx_word' id='word_1_149' title='bbox 1799 1839 1952 1919; x_wconf 87' lang='lat' dir='ltr'><strong><em>quia</em></strong></span> <span class='ocrx_word' id='word_1_150' title='bbox 1991 1859 2120 1902; x_wconf 90' lang='lat' dir='ltr'><strong><em>non</em></strong></span> <span class='ocrx_word' id='word_1_151' title='bbox 2160 1859 2276 1902; x_wconf 87' lang='lat' dir='ltr'><strong><em>suo</em></strong></span> 
     </span>
     <span class='ocr_line' id='line_1_20' title="bbox 244 1921 2279 2011; baseline -0.001 -19"><span class='ocrx_word' id='word_1_152' title='bbox 244 1928 429 2011; x_wconf 87' lang='lat' dir='ltr'><strong><em>uitio,</em></strong></span> <span class='ocrx_word' id='word_1_153' title='bbox 476 1927 587 1992; x_wconf 87' lang='lat' dir='ltr'><strong><em>sed</em></strong></span> <span class='ocrx_word' id='word_1_154' title='bbox 632 1927 1012 1990; x_wconf 75' lang='lat' dir='ltr'><strong><em>necessitate</em></strong></span> <span class='ocrx_word' id='word_1_155' title='bbox 1050 1927 1208 1990; x_wconf 86' lang='lat' dir='ltr'><strong><em>iuris</em></strong></span> <span class='ocrx_word' id='word_1_156' title='bbox 1256 1921 1574 1990; x_wconf 85' lang='lat' dir='ltr'><strong><em>bonorum</em></strong></span> <span class='ocrx_word' id='word_1_157' title='bbox 1620 1925 2060 1990; x_wconf 88' lang='lat' dir='ltr'><strong><em>uenditionem</em></strong></span> <span class='ocrx_word' id='word_1_158' title='bbox 2106 1931 2279 2011; x_wconf 88' lang='lat' dir='ltr'><strong><em>pate-</em></strong></span> 
     </span>
     <span class='ocr_line' id='line_1_21' title="bbox 245 2012 2282 2101; baseline -0.001 -20"><span class='ocrx_word' id='word_1_159' title='bbox 245 2022 450 2101; x_wconf 82' lang='lat' dir='ltr'><strong><em>retur3</em></strong></span> <span class='ocrx_word' id='word_1_160' title='bbox 499 2016 612 2080; x_wconf 90' lang='lat' dir='ltr'><strong><em>sed</em></strong></span> <span class='ocrx_word' id='word_1_161' title='bbox 658 2017 785 2081; x_wconf 86' lang='lat' dir='ltr'><strong><em>alio</em></strong></span> <span class='ocrx_word' id='word_1_162' title='bbox 833 2016 971 2080; x_wconf 87' lang='lat' dir='ltr'><strong><em>iure</em></strong></span> <span class='ocrx_word' id='word_1_163' title='bbox 1029 2016 1291 2080; x_wconf 89' lang='lat' dir='ltr'><strong><em>utimur.</em></strong></span> <span class='ocrx_word' id='word_1_164' title='bbox 1383 2015 1507 2080; x_wconf 84' lang='lat'>155.</span> <span class='ocrx_word' id='word_1_165' title='bbox 1554 2012 1681 2079; x_wconf 90' lang='lat' dir='ltr'><strong><em>Pro</em></strong></span> <span class='ocrx_word' id='word_1_166' title='bbox 1737 2013 1863 2080; x_wconf 86' lang='lat' dir='ltr'><strong><em>hoo</em></strong></span> <span class='ocrx_word' id='word_1_167' title='bbox 1917 2019 2132 2079; x_wconf 85' lang='lat' dir='ltr'><strong><em>tamen</em></strong></span> <span class='ocrx_word' id='word_1_168' title='bbox 2186 2015 2282 2078; x_wconf 91' lang='lat' dir='ltr'><strong>in-</strong></span> 
     </span>
     <span class='ocr_line' id='line_1_22' title="bbox 245 2104 2280 2189; baseline -0.003 -16"><span class='ocrx_word' id='word_1_169' title='bbox 245 2105 588 2173; x_wconf 87' lang='lat' dir='ltr'><strong><em>commodo</em></strong></span> <span class='ocrx_word' id='word_1_170' title='bbox 635 2105 797 2170; x_wconf 88' lang='lat' dir='ltr'><strong><em>illud</em></strong></span> <span class='ocrx_word' id='word_1_171' title='bbox 844 2108 902 2169; x_wconf 89' lang='lat' dir='ltr'><strong><em>ei</em></strong></span> <span class='ocrx_word' id='word_1_172' title='bbox 949 2104 1358 2169; x_wconf 90' lang='lat' dir='ltr'><strong><em>commodum</em></strong></span> <span class='ocrx_word' id='word_1_173' title='bbox 1406 2106 1796 2188; x_wconf 81' lang='lat' dir='ltr'><strong><em>praestatur,</em></strong></span> <span class='ocrx_word' id='word_1_174' title='bbox 1839 2108 1914 2168; x_wconf 93' lang='lat' dir='ltr'><strong><em>ut</em></strong></span> <span class='ocrx_word' id='word_1_175' title='bbox 1962 2126 2062 2189; x_wconf 85' lang='lat' dir='ltr'><strong><em>ea,</em></strong></span> <span class='ocrx_word' id='word_1_176' title='bbox 2118 2126 2280 2187; x_wconf 88' lang='lat' dir='ltr'><strong><em>quae</em></strong></span> 
     </span>
     <span class='ocr_line' id='line_1_23' title="bbox 241 2192 2279 2281; baseline -0.001 -21"><span class='ocrx_word' id='word_1_177' title='bbox 241 2200 395 2281; x_wconf 88' lang='lat' dir='ltr'><strong><em>post</em></strong></span> <span class='ocrx_word' id='word_1_178' title='bbox 441 2197 716 2259; x_wconf 84' lang='lat' dir='ltr'><strong><em>mortem</em></strong></span> <span class='ocrx_word' id='word_1_179' title='bbox 763 2196 1019 2278; x_wconf 87' lang='lat' dir='ltr'><strong><em>patroni</em></strong></span> <span class='ocrx_word' id='word_1_180' title='bbox 1066 2194 1189 2258; x_wconf 88' lang='lat' dir='ltr'><strong><em>sibi</em></strong></span> <span class='ocrx_word' id='word_1_181' title='bbox 1236 2192 1641 2277; x_wconf 85' lang='lat' dir='ltr'><strong><em>adquisierit,</em></strong></span> <span class='ocrx_word' id='word_1_182' title='bbox 1699 2193 1835 2257; x_wconf 87' lang='lat' dir='ltr'><strong><em>siue</em></strong></span> <span class='ocrx_word' id='word_1_183' title='bbox 1883 2197 2028 2257; x_wconf 88' lang='lat' dir='ltr'><strong><em>ante</em></strong></span> <span class='ocrx_word' id='word_1_184' title='bbox 2086 2194 2279 2258; x_wconf 91' lang='lat' dir='ltr'><strong><em>bono-</em></strong></span> 
     </span>
     <span class='ocr_line' id='line_1_24' title="bbox 240 2284 2283 2367; baseline -0.001 -17"><span class='ocrx_word' id='word_1_185' title='bbox 240 2308 388 2350; x_wconf 92' lang='lat' dir='ltr'><strong><em>rum</em></strong></span> <span class='ocrx_word' id='word_1_186' title='bbox 463 2284 900 2349; x_wconf 89' lang='lat' dir='ltr'><strong><em>uenditionem</em></strong></span> <span class='ocrx_word' id='word_1_187' title='bbox 978 2284 1115 2349; x_wconf 86' lang='lat' dir='ltr'><strong><em>siue</em></strong></span> <span class='ocrx_word' id='word_1_188' title='bbox 1187 2287 1440 2367; x_wconf 86' lang='lat' dir='ltr'><strong><em>postea,</em></strong></span> <span class='ocrx_word' id='word_1_189' title='bbox 1512 2284 1638 2366; x_wconf 88' lang='lat' dir='ltr'><strong>ipsi</strong></span> <span class='ocrx_word' id='word_1_190' title='bbox 1709 2287 2143 2367; x_wconf 83' lang='lat' dir='ltr'><strong><em>reseruentur;</em></strong></span> <span class='ocrx_word' id='word_1_191' title='bbox 2218 2287 2283 2348; x_wconf 88' lang='lat' dir='ltr'><strong><em>et</em></strong></span> 
     </span>
    </p>
   </div>
   <div class='ocr_carea' id='block_1_3' title="bbox 244 2430 676 2441">
    <p class='ocr_par' dir='ltr' id='par_1_4' title="bbox 244 2430 676 2441">
     <span class='ocr_line' id='line_1_25' title="bbox 244 2430 676 2441; baseline 0 1476"><span class='ocrx_word' id='word_1_192' title='bbox 244 2430 676 2441; x_wconf 95' lang='lat' dir='ltr'><strong><em> </em></strong></span> 
     </span>
    </p>
   </div>
   <div class='ocr_carea' id='block_1_4' title="bbox 391 2512 2137 2585">
    <p class='ocr_par' dir='ltr' id='par_1_5' title="bbox 391 2512 2137 2585">
     <span class='ocr_line' id='line_1_26' title="bbox 391 2512 2137 2585; baseline -0.001 -17"><span class='ocrx_word' id='word_1_193' title='bbox 391 2518 443 2585; x_wconf 90' lang='lat'>1)</span> <span class='ocrx_word' id='word_1_194' title='bbox 479 2516 794 2568; x_wconf 84' lang='lat' dir='ltr'><strong><em>ueneantur</em></strong></span> <span class='ocrx_word' id='word_1_195' title='bbox 830 2514 896 2568; x_wconf 89' lang='lat' dir='ltr'><strong><em>V.</em></strong></span> <span class='ocrx_word' id='word_1_196' title='bbox 1063 2515 1115 2581; x_wconf 89' lang='lat'><strong><em>2)</em></strong></span> <span class='ocrx_word' id='word_1_197' title='bbox 1155 2512 1366 2567; x_wconf 84' lang='lat' dir='ltr'><strong><em>accidit</em></strong></span> <span class='ocrx_word' id='word_1_198' title='bbox 1403 2514 1749 2568; x_wconf 76' lang='lat' dir='ltr'><strong><em>Lachmann.</em></strong></span> <span class='ocrx_word' id='word_1_199' title='bbox 1814 2513 2036 2569; x_wconf 85' lang='lat' dir='ltr'><strong><em>accedit</em></strong></span> <span class='ocrx_word' id='word_1_200' title='bbox 2071 2512 2137 2567; x_wconf 90' lang='lat' dir='ltr'><strong><em>V.</em></strong></span> 
     </span>
    </p>
   </div>
   <div class='ocr_carea' id='block_1_5' title="bbox 243 2628 676 2637">
    <p class='ocr_par' dir='ltr' id='par_1_6' title="bbox 243 2628 676 2637">
     <span class='ocr_line' id='line_1_27' title="bbox 243 2628 676 2637; baseline 0 1280"><span class='ocrx_word' id='word_1_201' title='bbox 243 2628 676 2637; x_wconf 95' lang='lat' dir='ltr'><strong><em> </em></strong></span> 
     </span>
    </p>
   </div>
   <div class='ocr_carea' id='block_1_6' title="bbox 242 2691 2284 3626">
    <p class='ocr_par' dir='ltr' id='par_1_7' title="bbox 390 2691 1751 2762">
     <span class='ocr_line' id='line_1_28' title="bbox 390 2691 1751 2762; baseline -0.002 -15"><span class='ocrx_word' id='word_1_202' title='bbox 390 2700 420 2760; x_wconf 66' lang='grc' dir='ltr'>ξ</span> <span class='ocrx_word' id='word_1_203' title='bbox 461 2699 582 2748; x_wconf 84' lang='grc'><strong>152.</strong></span> <span class='ocrx_word' id='word_1_204' title='bbox 621 2719 689 2738; x_wconf 93' lang='lat'><strong><em>=</em></strong></span> <span class='ocrx_word' id='word_1_205' title='bbox 720 2695 768 2746; x_wconf 91' lang='grc' dir='ltr'><strong><em>Ι.</em></strong></span> <span class='ocrx_word' id='word_1_206' title='bbox 801 2698 848 2761; x_wconf 93' lang='grc'><strong><em>2,</em></strong></span> <span class='ocrx_word' id='word_1_207' title='bbox 881 2698 1050 2762; x_wconf 84' lang='lat' dir='ltr'><strong><em>19pr.</em></strong></span> <span class='ocrx_word' id='word_1_208' title='bbox 1111 2692 1180 2758; x_wconf 79' lang='lat' dir='ltr'><strong><em>cf.</em></strong></span> <span class='ocrx_word' id='word_1_209' title='bbox 1224 2691 1339 2746; x_wconf 79' lang='lat' dir='ltr'><strong><em>Gai</em></strong></span> <span class='ocrx_word' id='word_1_210' title='bbox 1376 2694 1499 2760; x_wconf 78' lang='lat' dir='ltr'><strong><em>epit.</em></strong></span> <span class='ocrx_word' id='word_1_211' title='bbox 1540 2698 1589 2756; x_wconf 87' lang='lat'><strong><em>2,</em></strong></span> <span class='ocrx_word' id='word_1_212' title='bbox 1622 2696 1671 2758; x_wconf 84' lang='lat'><strong><em>3,</em></strong></span> <span class='ocrx_word' id='word_1_213' title='bbox 1703 2698 1751 2745; x_wconf 88' lang='grc'><strong><em>6.</em></strong></span> 
     </span>
    </p>

    <p class='ocr_par' dir='ltr' id='par_1_8' title="bbox 242 2763 2282 2980">
     <span class='ocr_line' id='line_1_29' title="bbox 391 2763 2281 2832; baseline -0.003 -13"><span class='ocrx_word' id='word_1_214' title='bbox 391 2771 422 2832; x_wconf 64' lang='lat'>5</span> <span class='ocrx_word' id='word_1_215' title='bbox 464 2769 583 2819; x_wconf 82' lang='grc'><strong>153.</strong></span> <span class='ocrx_word' id='word_1_216' title='bbox 624 2791 690 2809; x_wconf 88' lang='lat'>=</span> <span class='ocrx_word' id='word_1_217' title='bbox 720 2765 771 2817; x_wconf 93' lang='lat' dir='ltr'><strong><em>I.</em></strong></span> <span class='ocrx_word' id='word_1_218' title='bbox 801 2770 851 2831; x_wconf 88' lang='lat'><strong><em>2,</em></strong></span> <span class='ocrx_word' id='word_1_219' title='bbox 884 2769 969 2830; x_wconf 83' lang='lat'><strong><em>19,</em></strong></span> <span class='ocrx_word' id='word_1_220' title='bbox 1001 2770 1048 2818; x_wconf 92' lang='lat'>1.</span> <span class='ocrx_word' id='word_1_221' title='bbox 1124 2765 1193 2830; x_wconf 75' lang='lat' dir='ltr'><strong><em>cf.</em></strong></span> <span class='ocrx_word' id='word_1_222' title='bbox 1237 2763 1352 2818; x_wconf 76' lang='lat' dir='ltr'><strong><em>Gai</em></strong></span> <span class='ocrx_word' id='word_1_223' title='bbox 1405 2765 1528 2832; x_wconf 78' lang='lat' dir='ltr'><strong><em>epit.</em></strong></span> <span class='ocrx_word' id='word_1_224' title='bbox 1572 2770 1620 2828; x_wconf 85' lang='lat'><strong><em>2,</em></strong></span> <span class='ocrx_word' id='word_1_225' title='bbox 1652 2769 1700 2830; x_wconf 84' lang='lat'><strong><em>3,</em></strong></span> <span class='ocrx_word' id='word_1_226' title='bbox 1733 2770 1782 2817; x_wconf 92' lang='lat'><strong>6.</strong></span> <span class='ocrx_word' id='word_1_227' title='bbox 1856 2765 2013 2830; x_wconf 81' lang='lat' dir='ltr'><strong><em>infra</em></strong></span> <span class='ocrx_word' id='word_1_228' title='bbox 2070 2768 2120 2828; x_wconf 88' lang='lat'><strong><em>2,</em></strong></span> <span class='ocrx_word' id='word_1_229' title='bbox 2153 2767 2281 2827; x_wconf 81' lang='lat'>157;</span> 
     </span>
     <span class='ocr_line' id='line_1_30' title="bbox 245 2836 2282 2904; baseline -0.003 -11"><span class='ocrx_word' id='word_1_230' title='bbox 245 2842 378 2903; x_wconf 78' lang='lat'>1603</span> <span class='ocrx_word' id='word_1_231' title='bbox 420 2841 539 2891; x_wconf 84' lang='lat'>188.</span> <span class='ocrx_word' id='word_1_232' title='bbox 608 2837 729 2904; x_wconf 77' lang='lat' dir='ltr'><strong><em>Ulp.</em></strong></span> <span class='ocrx_word' id='word_1_233' title='bbox 770 2842 855 2902; x_wconf 93' lang='lat'><strong><em>22,</em></strong></span> <span class='ocrx_word' id='word_1_234' title='bbox 886 2841 971 2889; x_wconf 93' lang='lat'>24.</span> <span class='ocrx_word' id='word_1_235' title='bbox 1029 2838 1077 2889; x_wconf 88' lang='grc' dir='ltr'><strong><em>Ι.</em></strong></span> <span class='ocrx_word' id='word_1_236' title='bbox 1120 2842 1168 2901; x_wconf 91' lang='grc'><strong><em>1,</em></strong></span> <span class='ocrx_word' id='word_1_237' title='bbox 1200 2841 1249 2901; x_wconf 83' lang='grc'><strong><em>6,</em></strong></span> <span class='ocrx_word' id='word_1_238' title='bbox 1282 2841 1330 2888; x_wconf 90' lang='lat'>1.</span> <span class='ocrx_word' id='word_1_239' title='bbox 1389 2841 1649 2904; x_wconf 80' lang='lat' dir='ltr'>2,15pr.</span> <span class='ocrx_word' id='word_1_240' title='bbox 1690 2861 1757 2879; x_wconf 87' lang='lat'><strong><em>==</em></strong></span> <span class='ocrx_word' id='word_1_241' title='bbox 1786 2836 1863 2889; x_wconf 94' lang='lat' dir='ltr'><strong><em>D.</em></strong></span> <span class='ocrx_word' id='word_1_242' title='bbox 1905 2839 1989 2901; x_wconf 87' lang='lat'><strong><em>28,</em></strong></span> <span class='ocrx_word' id='word_1_243' title='bbox 2022 2839 2071 2901; x_wconf 91' lang='lat'>6,</span> <span class='ocrx_word' id='word_1_244' title='bbox 2102 2838 2168 2887; x_wconf 82' lang='lat'><strong>36</strong></span> <span class='ocrx_word' id='word_1_245' title='bbox 2192 2851 2282 2902; x_wconf 74' lang='lat' dir='ltr'><strong><em>pr.</em></strong></span> 
     </span>
     <span class='ocr_line' id='line_1_31' title="bbox 242 2908 1219 2980; baseline -0.006 -15"><span class='ocrx_word' id='word_1_246' title='bbox 242 2910 554 2980; x_wconf 85' lang='lat' dir='ltr'><strong><em>(Marcian.</em></strong></span> <span class='ocrx_word' id='word_1_247' title='bbox 596 2910 701 2976; x_wconf 83' lang='lat'>93).</span> <span class='ocrx_word' id='word_1_248' title='bbox 763 2908 891 2963; x_wconf 79' lang='lat' dir='ltr'><strong><em>God.</em></strong></span> <span class='ocrx_word' id='word_1_249' title='bbox 930 2909 1013 2962; x_wconf 80' lang='lat' dir='ltr'><strong><em>tit.</em></strong></span> <span class='ocrx_word' id='word_1_250' title='bbox 1054 2912 1103 2975; x_wconf 88' lang='grc'><strong><em>6,</em></strong></span> <span class='ocrx_word' id='word_1_251' title='bbox 1133 2911 1219 2960; x_wconf 93' lang='grc'><strong><em>27.</em></strong></span> 
     </span>
    </p>

    <p class='ocr_par' dir='ltr' id='par_1_9' title="bbox 242 2977 2282 3264">
     <span class='ocr_line' id='line_1_32' title="bbox 392 2977 2281 3046; baseline -0.003 -12"><span class='ocrx_word' id='word_1_252' title='bbox 392 2986 423 3044; x_wconf 68' lang='lat'><strong>6</strong></span> <span class='ocrx_word' id='word_1_253' title='bbox 464 2985 583 3034; x_wconf 81' lang='lat'>164.</span> <span class='ocrx_word' id='word_1_254' title='bbox 625 3005 691 3025; x_wconf 88' lang='lat'>=</span> <span class='ocrx_word' id='word_1_255' title='bbox 722 2980 772 3032; x_wconf 92' lang='lat'>1.</span> <span class='ocrx_word' id='word_1_256' title='bbox 812 2983 977 3045; x_wconf 84' lang='lat'>2,19,</span> <span class='ocrx_word' id='word_1_257' title='bbox 1010 2985 1056 3032; x_wconf 92' lang='lat'>1.</span> <span class='ocrx_word' id='word_1_258' title='bbox 1113 2980 1184 3045; x_wconf 76' lang='lat' dir='ltr'><strong><em>cf.</em></strong></span> <span class='ocrx_word' id='word_1_259' title='bbox 1223 2980 1383 3046; x_wconf 73' lang='lat' dir='ltr'><strong><em>infra</em></strong></span> <span class='ocrx_word' id='word_1_260' title='bbox 1420 2982 1470 3046; x_wconf 84' lang='lat'><strong><em>3,</em></strong></span> <span class='ocrx_word' id='word_1_261' title='bbox 1502 2984 1585 3032; x_wconf 82' lang='lat'><strong><em>79.</em></strong></span> <span class='ocrx_word' id='word_1_262' title='bbox 1642 2983 1691 3045; x_wconf 87' lang='lat'><strong><em>4,</em></strong></span> <span class='ocrx_word' id='word_1_263' title='bbox 1725 2983 1844 3031; x_wconf 89' lang='lat'>102.</span> <span class='ocrx_word' id='word_1_264' title='bbox 1902 2977 1976 3030; x_wconf 88' lang='lat' dir='ltr'><strong><em>D.</em></strong></span> <span class='ocrx_word' id='word_1_265' title='bbox 2017 2981 2104 3044; x_wconf 88' lang='lat'><strong><em>28,</em></strong></span> <span class='ocrx_word' id='word_1_266' title='bbox 2134 2984 2185 3042; x_wconf 83' lang='lat'><strong><em>5,</em></strong></span> <span class='ocrx_word' id='word_1_267' title='bbox 2215 2982 2281 3030; x_wconf 84' lang='grc'><strong><em>89</em></strong></span> 
     </span>
     <span class='ocr_line' id='line_1_33' title="bbox 242 3050 2282 3123; baseline -0.002 -17"><span class='ocrx_word' id='word_1_268' title='bbox 242 3054 357 3123; x_wconf 91' lang='lat'>(88)</span> <span class='ocrx_word' id='word_1_269' title='bbox 396 3051 549 3120; x_wconf 77' lang='lat' dir='ltr'><strong><em>(Gai.</em></strong></span> <span class='ocrx_word' id='word_1_270' title='bbox 589 3054 661 3120; x_wconf 89' lang='grc'><strong><em>2).</em></strong></span> <span class='ocrx_word' id='word_1_271' title='bbox 727 3056 814 3117; x_wconf 90' lang='grc'><strong><em>42,</em></strong></span> <span class='ocrx_word' id='word_1_272' title='bbox 843 3054 895 3112; x_wconf 89' lang='grc'><strong><em>8,</em></strong></span> <span class='ocrx_word' id='word_1_273' title='bbox 925 3055 991 3103; x_wconf 86' lang='grc'>23</span> <span class='ocrx_word' id='word_1_274' title='bbox 1049 3050 1252 3119; x_wconf 83' lang='lat' dir='ltr'><strong><em>(Scaev.</em></strong></span> <span class='ocrx_word' id='word_1_275' title='bbox 1286 3052 1426 3118; x_wconf 91' lang='grc'><strong>127).</strong></span> <span class='ocrx_word' id='word_1_276' title='bbox 1496 3050 1552 3105; x_wconf 81' lang='lat'><strong><em>0.</em></strong></span> <span class='ocrx_word' id='word_1_277' title='bbox 1600 3050 1698 3102; x_wconf 80' lang='lat' dir='ltr'><strong><em>Th.</em></strong></span> <span class='ocrx_word' id='word_1_278' title='bbox 1743 3055 1793 3115; x_wconf 88' lang='grc'><strong><em>2,</em></strong></span> <span class='ocrx_word' id='word_1_279' title='bbox 1825 3053 1908 3115; x_wconf 86' lang='grc'><strong><em>19,</em></strong></span> <span class='ocrx_word' id='word_1_280' title='bbox 1939 3053 1970 3100; x_wconf 82' lang='grc'><strong>3</strong></span> <span class='ocrx_word' id='word_1_281' title='bbox 2028 3050 2101 3116; x_wconf 87' lang='lat' dir='ltr'><strong><em>(a.</em></strong></span> <span class='ocrx_word' id='word_1_282' title='bbox 2142 3051 2282 3116; x_wconf 84' lang='lat'>332).</span> 
     </span>
     <span class='ocr_line' id='line_1_34' title="bbox 245 3118 2280 3192; baseline -0.003 -14"><span class='ocrx_word' id='word_1_283' title='bbox 245 3125 306 3179; x_wconf 83' lang='lat' dir='ltr'><strong><em>G.</em></strong></span> <span class='ocrx_word' id='word_1_284' title='bbox 344 3128 394 3190; x_wconf 92' lang='lat'><strong><em>7,</em></strong></span> <span class='ocrx_word' id='word_1_285' title='bbox 425 3128 509 3190; x_wconf 93' lang='lat'><strong><em>71,</em></strong></span> <span class='ocrx_word' id='word_1_286' title='bbox 540 3128 570 3175; x_wconf 88' lang='lat'><strong>6</strong></span> <span class='ocrx_word' id='word_1_287' title='bbox 610 3126 683 3192; x_wconf 90' lang='lat' dir='ltr'><strong><em>(a.</em></strong></span> <span class='ocrx_word' id='word_1_288' title='bbox 714 3125 855 3191; x_wconf 81' lang='lat'><strong>386).</strong></span> <span class='ocrx_word' id='word_1_289' title='bbox 913 3123 999 3176; x_wconf 79' lang='lat' dir='ltr'><strong><em>lex</em></strong></span> <span class='ocrx_word' id='word_1_290' title='bbox 1037 3124 1146 3176; x_wconf 78' lang='lat' dir='ltr'><strong><em>Iul.</em></strong></span> <span class='ocrx_word' id='word_1_291' title='bbox 1174 3123 1442 3189; x_wconf 78' lang='lat' dir='ltr'><strong><em>municip.</em></strong></span> <span class='ocrx_word' id='word_1_292' title='bbox 1471 3138 1519 3175; x_wconf 85' lang='lat' dir='ltr'><strong><em>v.</em></strong></span> <span class='ocrx_word' id='word_1_293' title='bbox 1551 3126 1652 3175; x_wconf 96' lang='grc'><strong><em>117</em></strong></span> <span class='ocrx_word' id='word_1_294' title='bbox 1672 3138 1749 3189; x_wconf 81' lang='lat' dir='ltr'><strong><em>sq.</em></strong></span> <span class='ocrx_word' id='word_1_295' title='bbox 1796 3121 2013 3189; x_wconf 77' lang='lat' dir='ltr'><strong><em>(Bruns</em></strong></span> <span class='ocrx_word' id='word_1_296' title='bbox 2038 3118 2107 3187; x_wconf 80' lang='lat'><strong><em>1⁶,</em></strong></span> <span class='ocrx_word' id='word_1_297' title='bbox 2141 3121 2280 3188; x_wconf 91' lang='lat'>111).</span> 
     </span>
     <span class='ocr_line' id='line_1_35' title="bbox 244 3193 1075 3264; baseline -0.007 -13"><span class='ocrx_word' id='word_1_298' title='bbox 244 3197 358 3252; x_wconf 78' lang='lat' dir='ltr'><strong><em>Cic.</em></strong></span> <span class='ocrx_word' id='word_1_299' title='bbox 388 3211 498 3263; x_wconf 82' lang='lat' dir='ltr'><strong><em>pro</em></strong></span> <span class='ocrx_word' id='word_1_300' title='bbox 539 3193 755 3264; x_wconf 61' lang='grc' dir='ltr'><strong>ῥαίῃσι.</strong></span> <span class='ocrx_word' id='word_1_301' title='bbox 796 3200 881 3261; x_wconf 83' lang='grc'><strong><em>15,</em></strong></span> <span class='ocrx_word' id='word_1_302' title='bbox 911 3198 978 3246; x_wconf 84' lang='grc'>49</span> <span class='ocrx_word' id='word_1_303' title='bbox 997 3209 1075 3261; x_wconf 76' lang='lat' dir='ltr'><strong><em>sq.</em></strong></span> 
     </span>
    </p>

    <p class='ocr_par' dir='ltr' id='par_1_10' title="bbox 242 3265 2284 3626">
     <span class='ocr_line' id='line_1_36' title="bbox 391 3265 2283 3333; baseline -0.002 -14"><span class='ocrx_word' id='word_1_304' title='bbox 391 3271 422 3331; x_wconf 64' lang='grc' dir='ltr'>ξ</span> <span class='ocrx_word' id='word_1_305' title='bbox 462 3271 581 3319; x_wconf 81' lang='lat'>155.</span> <span class='ocrx_word' id='word_1_306' title='bbox 620 3292 689 3311; x_wconf 95' lang='lat'><strong><em>=</em></strong></span> <span class='ocrx_word' id='word_1_307' title='bbox 718 3267 768 3319; x_wconf 91' lang='grc' dir='ltr'><strong><em>Ι.</em></strong></span> <span class='ocrx_word' id='word_1_308' title='bbox 808 3270 858 3333; x_wconf 89' lang='grc'><strong><em>2,</em></strong></span> <span class='ocrx_word' id='word_1_309' title='bbox 891 3270 974 3330; x_wconf 87' lang='grc'><strong><em>19,</em></strong></span> <span class='ocrx_word' id='word_1_310' title='bbox 1007 3271 1053 3318; x_wconf 92' lang='grc'><strong><em>1.</em></strong></span> <span class='ocrx_word' id='word_1_311' title='bbox 1113 3266 1182 3332; x_wconf 80' lang='lat' dir='ltr'><strong><em>cf.</em></strong></span> <span class='ocrx_word' id='word_1_312' title='bbox 1221 3266 1295 3319; x_wconf 88' lang='lat' dir='ltr'><strong><em>D.</em></strong></span> <span class='ocrx_word' id='word_1_313' title='bbox 1330 3270 1379 3331; x_wconf 92' lang='lat'><strong><em>4,</em></strong></span> <span class='ocrx_word' id='word_1_314' title='bbox 1411 3270 1460 3331; x_wconf 94' lang='lat'><strong><em>4,</em></strong></span> <span class='ocrx_word' id='word_1_315' title='bbox 1493 3269 1539 3329; x_wconf 94' lang='lat'><strong><em>7,</em></strong></span> <span class='ocrx_word' id='word_1_316' title='bbox 1572 3269 1602 3317; x_wconf 87' lang='lat'><strong>6</strong></span> <span class='ocrx_word' id='word_1_317' title='bbox 1643 3265 1796 3333; x_wconf 77' lang='lat' dir='ltr'><strong><em>(Uzp.</em></strong></span> <span class='ocrx_word' id='word_1_318' title='bbox 1837 3265 1978 3331; x_wconf 84' lang='lat'>399).</span> <span class='ocrx_word' id='word_1_319' title='bbox 2036 3268 2122 3330; x_wconf 89' lang='lat'><strong><em>42,</em></strong></span> <span class='ocrx_word' id='word_1_320' title='bbox 2154 3268 2202 3328; x_wconf 93' lang='lat'><strong><em>6,</em></strong></span> <span class='ocrx_word' id='word_1_321' title='bbox 2235 3269 2283 3329; x_wconf 93' lang='lat'><strong><em>1,</em></strong></span> 
     </span>
     <span class='ocr_line' id='line_1_37' title="bbox 245 3334 2283 3408; baseline -0.003 -15"><span class='ocrx_word' id='word_1_322' title='bbox 245 3344 316 3393; x_wconf 90' lang='grc'><strong><em>18</em></strong></span> <span class='ocrx_word' id='word_1_323' title='bbox 365 3337 519 3407; x_wconf 84' lang='lat' dir='ltr'><strong><em>(Ulp.</em></strong></span> <span class='ocrx_word' id='word_1_324' title='bbox 562 3340 738 3404; x_wconf 87' lang='lat'>1444).</span> <span class='ocrx_word' id='word_1_325' title='bbox 803 3335 1138 3403; x_wconf 80' lang='lat' dir='ltr'><strong><em>locupletior</em></strong></span> <span class='ocrx_word' id='word_1_326' title='bbox 1182 3335 1392 3408; x_wconf 86' lang='lat' dir='ltr'><strong><em>factus]</em></strong></span> <span class='ocrx_word' id='word_1_327' title='bbox 1450 3337 1519 3403; x_wconf 79' lang='lat' dir='ltr'><strong><em>cf.</em></strong></span> <span class='ocrx_word' id='word_1_328' title='bbox 1558 3337 1634 3389; x_wconf 91' lang='lat' dir='ltr'><strong><em>D.</em></strong></span> <span class='ocrx_word' id='word_1_329' title='bbox 1674 3341 1724 3403; x_wconf 93' lang='lat'><strong><em>4,</em></strong></span> <span class='ocrx_word' id='word_1_330' title='bbox 1756 3342 1803 3402; x_wconf 89' lang='grc'><strong><em>2,</em></strong></span> <span class='ocrx_word' id='word_1_331' title='bbox 1838 3341 1903 3388; x_wconf 91' lang='grc'><strong><em>18</em></strong></span> <span class='ocrx_word' id='word_1_332' title='bbox 1961 3334 2092 3403; x_wconf 80' lang='lat' dir='ltr'><em>(Iul.</em></span> <span class='ocrx_word' id='word_1_333' title='bbox 2143 3337 2283 3403; x_wconf 85' lang='lat'><strong>769).</strong></span> 
     </span>
     <span class='ocr_line' id='line_1_38' title="bbox 242 3407 2284 3479; baseline -0.003 -14"><span class='ocrx_word' id='word_1_334' title='bbox 242 3409 418 3465; x_wconf 85' lang='lat' dir='ltr'><strong><em>etiam</em></strong></span> <span class='ocrx_word' id='word_1_335' title='bbox 477 3408 725 3479; x_wconf 84' lang='lat' dir='ltr'><strong><em>saepius]</em></strong></span> <span class='ocrx_word' id='word_1_336' title='bbox 782 3410 852 3474; x_wconf 78' lang='lat' dir='ltr'><strong><em>cf.</em></strong></span> <span class='ocrx_word' id='word_1_337' title='bbox 892 3409 968 3461; x_wconf 90' lang='lat' dir='ltr'><strong><em>D.</em></strong></span> <span class='ocrx_word' id='word_1_338' title='bbox 1007 3413 1093 3476; x_wconf 88' lang='grc'><strong><em>42,</em></strong></span> <span class='ocrx_word' id='word_1_339' title='bbox 1125 3412 1173 3475; x_wconf 84' lang='grc'><strong><em>3,</em></strong></span> <span class='ocrx_word' id='word_1_340' title='bbox 1204 3413 1237 3460; x_wconf 85' lang='lat'>4</span> <span class='ocrx_word' id='word_1_341' title='bbox 1247 3425 1340 3476; x_wconf 85' lang='lat' dir='ltr'><strong><em>pr.</em></strong></span> <span class='ocrx_word' id='word_1_342' title='bbox 1399 3408 1552 3477; x_wconf 87' lang='lat' dir='ltr'><strong><em>(Ulp.</em></strong></span> <span class='ocrx_word' id='word_1_343' title='bbox 1594 3410 1771 3476; x_wconf 81' lang='grc'><strong>1380).</strong></span> <span class='ocrx_word' id='word_1_344' title='bbox 1845 3412 1931 3474; x_wconf 90' lang='grc'><strong><em>42,</em></strong></span> <span class='ocrx_word' id='word_1_345' title='bbox 1962 3411 2010 3474; x_wconf 86' lang='grc'><strong><em>3,</em></strong></span> <span class='ocrx_word' id='word_1_346' title='bbox 2043 3411 2072 3459; x_wconf 93' lang='grc'><strong>6</strong></span> <span class='ocrx_word' id='word_1_347' title='bbox 2131 3407 2284 3475; x_wconf 73' lang='grc' dir='ltr'><strong>(ΠΤΡ.</strong></span> 
     </span>
     <span class='ocr_line' id='line_1_39' title="bbox 244 3478 2281 3552; baseline -0.002 -15"><span class='ocrx_word' id='word_1_348' title='bbox 244 3482 427 3549; x_wconf 84' lang='lat'>1440).</span> <span class='ocrx_word' id='word_1_349' title='bbox 494 3487 561 3534; x_wconf 92' lang='grc'><strong><em>42</em></strong></span> <span class='ocrx_word' id='word_1_350' title='bbox 619 3486 668 3549; x_wconf 85' lang='lat'><strong><em>3,</em></strong></span> <span class='ocrx_word' id='word_1_351' title='bbox 710 3486 737 3533; x_wconf 99' lang='lat'>7</span> <span class='ocrx_word' id='word_1_352' title='bbox 806 3479 986 3550; x_wconf 79' lang='lat' dir='ltr'><strong><em>(Mod.</em></strong></span> <span class='ocrx_word' id='word_1_353' title='bbox 1037 3482 1176 3548; x_wconf 88' lang='lat'>101).</span> <span class='ocrx_word' id='word_1_354' title='bbox 1254 3480 1308 3535; x_wconf 82' lang='lat'><strong><em>0.</em></strong></span> <span class='ocrx_word' id='word_1_355' title='bbox 1345 3486 1393 3548; x_wconf 96' lang='lat'><strong><em>7,</em></strong></span> <span class='ocrx_word' id='word_1_356' title='bbox 1434 3486 1516 3545; x_wconf 91' lang='lat'><strong><em>72,</em></strong></span> <span class='ocrx_word' id='word_1_357' title='bbox 1558 3483 1588 3531; x_wconf 85' lang='lat'><strong>3</strong></span> <span class='ocrx_word' id='word_1_358' title='bbox 1645 3478 1979 3552; x_wconf 57' lang='lat' dir='ltr'><strong><em>(Gordian).</em></strong></span> <span class='ocrx_word' id='word_1_359' title='bbox 2039 3483 2088 3547; x_wconf 92' lang='lat'>7,</span> <span class='ocrx_word' id='word_1_360' title='bbox 2129 3483 2212 3549; x_wconf 93' lang='lat'><strong><em>71,</em></strong></span> <span class='ocrx_word' id='word_1_361' title='bbox 2254 3485 2281 3532; x_wconf 89' lang='lat'>1</span> 
     </span>
     <span class='ocr_line' id='line_1_40' title="bbox 243 3554 508 3626; baseline -0.011 -16"><span class='ocrx_word' id='word_1_362' title='bbox 243 3558 323 3626; x_wconf 90' lang='lat' dir='ltr'><strong><em>(a.</em></strong></span> <span class='ocrx_word' id='word_1_363' title='bbox 365 3554 508 3621; x_wconf 88' lang='grc'><strong>223).</strong></span> 
     </span>
    </p>
   </div>
  </div>
 </body>
</html>
