2650 3917
731 128 836 184 HV
837 127 1075 183 SCHKH
1108 128 1521 184 PRAEFATIO
1560 129 1659 183 AD
1697 128 1813 186 ΕΙ).
1851 129 1894 184 Ι.
2234 127 2336 181 VII

307 301 498 375 operis
528 296 608 357 ad
643 296 1172 373 iurisprudentiam
1202 299 1733 357 anteiustinianam
1758 297 1825 357 id
1849 298 2047 358 retuli.
2120 297 2335 374 Itaque

306 390 485 447 etiam
525 382 694 446 ‘Divi
739 386 1033 446 Hadriani
1089 389 1416 447 sententias
1471 391 1533 447 et
1581 383 1910 463 epistolas’‚
1967 407 2003 446 a
2045 386 2335 447 Dositheo

307 477 698 557 grammatico
734 476 904 536 nobis
941 479 1225 552 servatas,
1254 495 1403 551 quas
1434 476 1845 554 Schultingius
1880 478 2123 552 recepit,
2161 477 2334 535 omit-

306 566 515 626 tendas
561 567 791 640 censui;
841 568 911 624 ut
955 566 1114 624 enim
1157 567 1355 642 ipsae,
1409 569 1702 642 quatenus
1750 566 1828 624 ad
1870 567 1964 626 ius
2018 565 2336 641 pertinent,

307 654 828 716 constitutionibus
874 654 1212 731 principum
1252 654 1379 715 sine
1427 654 1607 714 dubio
1655 655 2130 714 adnumerandae
2178 657 2335 731 sunt,

306 747 393 805 ita
428 763 536 803 nec
571 743 925 820 compositio
962 762 1192 818 earnm,
1237 764 1357 820 qua
1392 743 1716 806 Dositheus
1752 761 1893 803 usus
1932 748 2051 818 est,
2089 763 2126 803 a
2161 745 2335 803 iuris-

307 834 578 895 consulto
627 834 894 910 profecta
931 834 1027 893 vel
1073 833 1220 892 iuris
1271 834 1458 893 studii
1506 833 1896 910 promovendi
1945 851 2125 893 causa
2173 832 2338 892 facta

308 942 431 984 esse
476 924 731 982 videtur.
821 922 952 984 Hoc
995 922 1154 981 idem
1200 922 1441 998 quidem
1488 921 1560 982 de
1610 921 1932 983 codicibus
1971 920 2336 999 Gregoriano

307 1016 369 1072 et
402 1012 885 1089 Hermogeniano
932 1011 1050 1080 dici
1094 1013 1330 1087 nequit,
1377 1032 1448 1071 ex
1494 1011 1709 1089 quibus
1757 1013 1941 1070 etiam
1989 1010 2336 1088 Visigothos

309 1119 461 1178 quae
499 1092 916 1177 excerpserunt
951 1102 1112 1159 inter
1137 1101 1285 1160 iuris
1323 1100 1519 1160 civilis
1556 1101 1849 1161 scintillas
1885 1101 2161 1160 retulisse
2190 1100 2337 1159 satis

307 1193 518 1251 notum
555 1193 673 1265 est,
709 1207 818 1260 nec
852 1190 1120 1265 profecto
1157 1208 1430 1265 peccasse
1466 1190 1635 1249 mihi'
1653 1190 1913 1264 viderer,
1960 1191 2011 1250 si
2044 1189 2154 1249 hos
2193 1208 2335 1266 quo-

309 1298 423 1357 que
460 1280 855 1354 admisissem3
903 1298 1085 1354 quum
1120 1282 1351 1353 tamen,
1399 1299 1552 1356 quae
1589 1297 1746 1338 nunc
1782 1299 1854 1338 ex
1889 1280 1983 1338 his
2023 1276 2338 1339 Codicibus

307 1372 653 1445 supersunt,
700 1388 771 1427 ex
806 1370 985 1428 meris
1032 1368 1557 1430 constitutionibus
1601 1369 1945 1446 principum
1990 1370 2337 1441 consistant,

308 1478 377 1517 ex
427 1478 498 1518 ea
545 1460 807 1532 ratione,
858 1476 977 1534 qua
1024 1477 1183 1516 nunc
1231 1459 1382 1517 iuris
1433 1458 1627 1517 civilis
1680 1459 1876 1517 fontes
1926 1459 2229 1517 intuemur
2279 1459 2339 1515 et

309 1551 660 1621 tractamuS,
706 1549 926 1606 rectius
972 1550 1153 1622 atque
1199 1546 1529 1607 consultius
1573 1548 1767 1606 facere
1814 1547 2142 1606 arbitratus
2188 1565 2338 1620 sum,

308 1638 359 1696 si
396 1656 496 1697 eos
543 1638 898 1696 omitterem.
987 1636 1116 1695 Nec
1160 1654 1301 1696 vero
1353 1637 1507 1696 hanc
1551 1638 1849 1696 rationem
1885 1654 1953 1695 eo
1999 1636 2336 1712 perducere,
2403 1658 2410 1663 ·

308 1730 376 1785 ut
413 1728 598 1786 etiam
634 1725 905 1806 singulae
941 1727 1431 1799 constitutioneS,
1471 1744 1625 1801 quae
1661 1728 1727 1785 in
1766 1724 2118 1798 Collatione,
2152 1726 2337 1804 Frag-

308 1816 525 1875 mentis
569 1814 883 1874 Vaticanis
940 1818 1001 1873 et
1047 1813 1499 1874 Consultatione
1552 1816 1968 1890 inveniuntur,
2015 1814 2340 1875 eiiciendae

308 1906 578 1979 fuissent,
616 1906 718 1964 vix
752 1907 859 1978 est,
897 1904 1055 1980 quod
1090 1923 1383 1967 moneam.
1982 1922 1985 1925 ·

440 1994 583 2053 Alia
619 2012 690 2052 ex
717 1997 889 2070 parte
918 1997 1110 2053 certos
1137 1992 1282 2052 fines
1311 1993 1460 2051 mihi
1486 1992 1929 2069 praescribebat
1955 1993 2065 2051 illa
2091 1995 2339 2066 taxati0,

309 2103 464 2160 quae
520 2083 598 2141 ad
635 2083 726 2140 ius
778 2084 1312 2142 anteiustinianum
1365 2083 1521 2141 hanc
1566 2082 1977 2141 collectionem
2020 2083 2340 2159 restringe-

306 2174 428 2232 bat.
503 2170 901 2248 Quaecunque
955 2171 1145 2250 igitur
1188 2171 1359 2231 libris
1404 2173 1555 2231 iuris
1593 2190 1629 2229 a
1674 2170 2009 2231 Iustiniano
2058 2170 2339 2230 confectis

308 2263 706 2335 continentur,
742 2280 851 2320 nec
889 2261 1009 2319 alia
1044 2262 1279 2319 ratione
1307 2280 1377 2320 ex
1417 2262 1781 2336 antiquitate
1810 2260 1887 2319 ad
1912 2279 2024 2320 nos
2058 2279 2338 2336 pervene-

306 2355 466 2424 runt,
503 2351 702 2410 aliena
739 2350 813 2408 ab
850 2350 963 2410 hoc
999 2369 1174 2425 opere
1212 2349 1371 2408 duxi.
1463 2350 1635 2410 Hanc
1671 2369 1812 2409 vero
1848 2352 2145 2409 rationem
2182 2350 2338 2425 quod

309 2443 374 2500 in
408 2443 651 2500 tantum
684 2441 880 2513 tenui,
917 2443 986 2498 ut
1033 2441 1215 2498 etiam
1262 2440 1501 2516 singula
1539 2439 1922 2515 Digestorum
1961 2440 2056 2498 vel
2093 2439 2337 2498 institu-

307 2530 543 2589 tionum
576 2531 740 2604 loca,
776 2528 993 2605 quibus
1039 2530 1240 2588 manci
1275 2530 1373 2588 vel
1395 2530 1687 2588 ‘lacunosi
1731 2528 1871 2587 libri
1917 2529 2092 2587 huius
2130 2527 2338 2587 collec-

308 2619 494 2678 tionis
542 2619 800 2695 proprii,
861 2619 1028 2691 velut
1077 2617 1329 2693 Ulpiani
1382 2617 1536 2676 liber
1585 2618 1908 2694 singularis
1958 2617 2338 2693 Regularum,

309 2709 571 2767 eiusdem
610 2707 1029 2767 Institutiones
1068 2710 1128 2766 et
1164 2707 1366 2765 Paulli
1404 2705 1748 2766 Sententiae
1786 2707 2005 2782 repleri
2041 2709 2338 2782 poterant,

308 2803 373 2858 et
404 2798 631 2874 partim
657 2798 722 2855 in
760 2796 1120 2856 editionibus
1147 2797 1369 2872 repleri
1396 2796 1606 2870 solent,
1644 2814 1750 2855 suo
1779 2797 1930 2869 loco,
1966 2795 2163 2853 verbis
2192 2796 2340 2872 ipsis

307 2888 563 2959 omissiS,
598 2889 837 2945 tantum
873 2885 1224 2960 indicarem,
1260 2885 1353 2958 id,
1391 2885 1609 2959 fateor,
1647 2887 1828 2944 simul
1863 2886 1960 2943 vel
1998 2884 2178 2945 etiam
2215 2903 2338 2943 ma-

307 2977 402 3054 gis
440 2976 564 3034 alia
601 2976 671 3034 de
717 2993 924 3049 causa,
970 2975 1200 3034 scilicet
1233 2978 1305 3034 ut
1349 2977 1547 3050 spatio
1591 2994 1921 3050 parcerem,
1966 2975 2196 3033 factum
2232 2977 2341 3048 est,

307 3065 698 3143 quamobrem
749 3064 910 3123 idem
961 3066 1312 3123 institutum
1360 3066 1541 3123 etiam
1588 3064 1651 3122 in
1695 3063 1788 3122 his
1834 3063 1978 3122 locis
2025 3062 2339 3137 custodivi,

306 3174 462 3232 quae
491 3174 562 3214 ex
600 3154 736 3214 aliis
771 3153 1044 3229 partibus
1081 3156 1319 3213 nostrae
1358 3154 1723 3214 collectionis
1759 3156 1998 3211 servata
2025 3156 2181 3225 sunt,
2221 3145 2339 3233 (ut-

305 3248 459 3322 puta
504 3243 705 3303 Paulli
743 3242 1086 3302 Sententiae
1131 3242 1195 3301 in
1236 3234 1735 3323 Consultati0n0,)
1773 3247 1833 3301 et
1876 3243 2094 3301 recessi
2139 3242 2218 3299 ab
2253 3238 2341 3314 eo,
2425 3293 2430 3298 .

305 3335 412 3393 ubi
447 3335 645 3393 maior
683 3331 979 3407 quaedam
1012 3332 1249 3391 utilitas
1276 3331 1339 3389 id
1378 3331 1684 3404 suadebat,
1713 3333 1969 3398 velutin
1999 3330 2137 3388 Gaii
2162 3329 2340 3389 Insti-

304 3422 664 3482 tutionibuS.
756 3421 928 3480 Intra
966 3440 1063 3480 eos
1104 3424 1323 3495 autem,
1363 3439 1510 3496 quos
1548 3420 1689 3494 dixi,
1736 3420 1881 3478 fines
1920 3423 2105 3479 etiam
2141 3421 2342 3478 omnia

305 3513 526 3573 veteris
563 3503 1076 3587 iurisprudentiae
1113 3512 1527 3584 monumenta,
1566 3529 1717 3585 quae
1759 3513 2019 3569 aetatem
2054 3509 2342 3592 tulerunt,
