2650 3917
363 159 452 224 98
867 158 1017 214 sax.
1058 157 1432 212 GAEomvs
1451 131 1894 211 ‘AFRICANVS

363 323 534 387 forte
580 322 648 386 in
695 344 843 387 area
886 320 1198 405 Palatina,
1246 343 1389 385 cum
1439 320 1897 386 salutationem
1946 319 2233 385 Caesaris
2281 341 2401 404 op-

363 411 746 496 periremur‚
823 410 1251 495 philosophus
1322 409 1684 474 Fauorinus
1758 410 2027 474 accessit
2100 409 2400 476 conlocu-

361 507 594 585 tusque
642 504 738 565 est
791 500 981 565 nobis
1038 499 1390 583 multisque
1437 499 1579 563 aliis
1630 499 2094 583 praesentibus.
2182 496 2282 585 (3)
2331 499 2404 562 in

362 589 492 655 illis
564 593 720 654 tunc
803 598 1024 654 eorum
1098 588 1502 654 sermonibus
1587 591 1729 652 orta
1800 588 2108 652 mentiost
2180 589 2402 674 legum

310 704 334 744 5
364 677 915 762 decemuiralium‚
981 700 1138 763 quas
1197 678 1547 743 decemuiri
1593 678 1730 742 eius
1790 677 1885 741 rei
1931 678 2142 764 gratia
2196 700 2236 742 a
2288 699 2402 762 po-

363 767 517 851 pulo
575 769 770 831 creati
837 771 1334 852 conposuerunt,
1399 768 1466 831 in
1534 766 1867 831 duodecim
1932 766 2189 831 tabulas
2255 787 2407 831 con-

366 857 776 941 scripserunt.
1590 930 1595 934 .
1829 929 1832 933 .

501 944 601 1032 (4)
665 946 796 1010 Eas
860 945 1036 1031 leges
1102 967 1247 1010 cum
1324 945 1466 1010 Sex.
1522 938 1838 1009 Caecilius
1903 944 2233 1029 inquisitis
2298 967 2407 1008 ex-

361 1036 759 1120 ploratisque
788 1035 1140 1098 multarum
1168 1034 1431 1098 urbium
1467 1034 1720 1119 legibus
1759 1034 2040 1118 eleganti
2069 1037 2265 1118 atque
2293 1034 2404 1098 ab·

285 1150 337 1190 10
365 1126 578 1193 soluta
622 1124 938 1189 breuitate
976 1123 1322 1188 uerborum
1364 1123 1634 1207 scriptas
1677 1123 1935 1206 diceret,
1977 1123 2106 1188 ‘sit'
2123 1121 2147 1160 ¹
2185 1123 2404 1206 inquit

366 1213 535 1279 ‘hoc’
581 1213 941 1278 Fauorinus
990 1214 1082 1277 ‘in
1123 1214 1432 1297 pleraque
1497 1234 1717 1276 earum
1770 1212 1988 1298 legum
2048 1215 2235 1298 parte
2291 1212 2407 1295 ita,

362 1308 437 1368 ut
481 1304 672 1386 dicis3
735 1323 868 1367 non
914 1303 1084 1366 enim
1133 1303 1348 1366 minus
1414 1301 1643 1385 cupide
1707 1300 1961 1366 tabulas
2026 1301 2183 1366 istas
2246 1301 2403 1366 duo-

366 1391 569 1457 decim
625 1392 756 1477 legi
803 1412 996 1475 quam
1052 1391 1202 1455 illos
1269 1388 1648 1456 duodecim²
1691 1389 1897 1455 libros
1961 1389 2255 1455 Platonis
2325 1390 2405 1454 de

361 1481 631 1568 legibus.
724 1480 835 1547 sed
882 1481 1195 1565 quaedam
1252 1481 1400 1544 istic
1445 1502 1583 1544 esse
1641 1479 2243 1544 animaduertuntur
2290 1484 2410 1545 aut

286 1595 338 1637 ιε
368 1570 825 1636 obscurissima
880 1575 993 1634 aut
1054 1566 1438 1634 durissima⁸
1503 1572 1615 1632 aut
1687 1568 1858 1633 lenia
1921 1573 2146 1633 contra
2207 1568 2407 1633 nimis

364 1665 429 1725 et
483 1660 754 1725 remissa
809 1663 921 1723 aut
975 1679 1385 1741 nequaquam
1429 1659 1548 1740 ita,
1594 1661 1670 1720 ut
1716 1659 2036 1741 scriptum
2085 1663 2183 1722 est
2193 1708 2233 1742 ‚A
2257 1679 2409 1722 con-

366 1748 702 1814 sistentia’.

497 1835 599 1925 (5)
647 1835 1155 1919 ‘Obscuritates’‚
1213 1835 1429 1919 inquit
1486 1833 1629 1899 Sex.
1694 1833 2032 1918 Caecilius,
2090 1837 2242 1900 ‘non
2299 1835 2413 1900 ad-

365 1929 694 2013 signemus
744 1927 971 2011 culpae
1027 1924 1467 2007 scribentium,
1514 1924 1628 1989 sed
1673 1923 2004 1989 inscitiae4
2047 1928 2179 1989 noh
2228 1925 2410 1990 adse·

292 2043 344 2082 20
374 2017 728 2101 quentium‚
774 2037 1168 2099 quamquam
1207 2014 1278 2077 hi
1319 2035 1577 2097 quoque
1623 2013 1767 2098 ipsi,
1814 2013 1922 2097 qui
1973 2036 2137 2097 quae
2166 2015 2418 2098 scripta

373 2109 551 2189 sunt,
596 2106 811 2169 minus
856 2104 1247 2190 percipiunt,
1294 2104 1490 2186 culpa
1535 2106 1787 2169 uacant.
1882 2100 1980 2187 (6)
2023 2125 2171 2167 nam
2209 2104 2418 2189 longa

365 2200 541 2259 aetas
592 2194 788 2259 uerba
846 2197 1040 2276 atque
1102 2214 1313 2263 mores
1373 2196 1631 2258 ueteres
1693 2191 2109 2276 oblitterauit,
2171 2192 2410 2277 quibus

364 2284 581 2350 uerbis
640 2283 1062 2366 moribusque
1126 2281 1447 2346 sententia
1514 2282 1732 2367 legum
1803 2282 2244 2366 conprehensa
2291 2288 2410 2346 est.

363 2373 815 2439 trecentesimo
896 2393 1152 2455 quoque
1225 2391 1395 2435 anno
1487 2374 1640 2455 post
1720 2369 1995 2434 Romam
2077 2371 2404 2436 conditam

285 2490 337 2530 25
364 2459 623 2527 tabulae
688 2461 1063 2545 conpositae
1136 2461 1543 2545 scriptaeque
1599 2464 1775 2545 sunt,
1840 2482 1879 2523 a
1932 2481 2060 2543 quo
2113 2464 2408 2545 tempore

366 2553 447 2616 ad
499 2552 672 2617 hunc
719 2550 887 2615 diem
935 2549 1087 2614 anni
1154 2572 1292 2615 esse
1359 2571 1491 2614 non
1553 2549 1747 2634 longe
1810 2548 2025 2614 minus
2091 2548 2411 2616 sescenti-'³

366 2641 683 2706 uidentur.
777 2637 878 2726 (7)
927 2640 1082 2703 dure
1128 2642 1344 2703 autem
1398 2639 1711 2721 scriptum
1757 2659 1895 2702 esse
1941 2638 2012 2701 in
2057 2637 2200 2703 istis
2245 2639 2407 2724 legi—

366 2731 488 2795 bus
554 2729 710 2814 quid
774 2728 1130 2793 existimari
1197 2728 1460 2811 potest?
1522 2727 1648 2791 nisi
1712 2727 1937 2791 duram
1995 2748 2134 2792 esse
2191 2728 2406 2813 legem

365 2825 583 2904 putas,
647 2841 809 2903 quae
857 2817 1133 2881 iudicem
1199 2815 1601 2881 arbitrumue
1658 2815 1795 2880 iure
1852 2816 2101 2899 datum,
2157 2818 2270 2901 qui
2318 2818 2402 2882 ob

287 2937 339 2977 so
366 2932 503 2974 rem
552 2904 921 2981 dicendam⁶
973 2906 1311 2990 pecuniam
1373 2905 1692 2989 accepisse
1749 2905 2086 2970 conuictus
2141 2909 2258 2989 est,
2306 2928 2406 2971 ca—

365 3001 500 3083 pite
537 2994 875 3082 poenitur⁷
911 3000 1023 3060 aut
1069 3017 1233 3079 quae
1277 2993 1488 3059 furem
1533 2993 1949 3060 manifestum
1995 2994 2074 3079 ei,
2122 2996 2227 3059 cui
2273 2995 2409 3059 fur—

367 3093 508 3152 tum
580 3087 824 3152 factum
890 3089 1014 3169 est,
1087 3084 1155 3148 in
1228 3083 1608 3148 seruitutem
1682 3082 1940 3168 tradit⁸‚
2010 3087 2405 3149 nocturnum

514 3257 564 3331 1)
604 3262 679 3316 sit
706 3262 1031 3317 Beroaldus.
1082 3259 1180 3313 sed
1207 3259 1362 3314 codd.
1512 3261 1565 3328 2)
1605 3259 1901 3328 duodecim
1922 3259 2157 3315 Fal-ster.
2208 3260 2410 3315 decem

366 3337 479 3389 sive
514 3332 564 3385 X
602 3335 752 3388 codd.
910 3336 963 3401 3)
1000 3332 1181 3401 suppl.
1219 3332 1337 3384 Iac.
1381 3331 1616 3385 Gronov.
1728 3333 1782 3399 4)
1819 3329 2155 3385 inscientiae
2194 3326 2330 3385 XO.

369 3409 422 3475 ὅ)
462 3404 703 3459 sescenti
730 3405 831 3460 Fr.
867 3404 1103 3458 Gronov.
1153 3401 1503 3471 septingenti
1530 3402 1681 3456 codd.
1830 3403 1883 3470 6)
1922 3401 2220 3457 dicendam
2249 3405 2410 3459 codd.

365 3476 731 3545 iudicandam
769 3476 1071 3545 Scioppiua
1285 3476 1338 3543 7)
1375 3475 1444 3541 cf.
1486 3474 1571 3528 lex
1608 3473 1747 3528 XII
1774 3474 1882 3527 tab.
1916 3479 1964 3540 9,
1996 3478 2026 3526 3
2080 3475 2300 3542 (Brun-3
2336 3474 2413 3544 1⁶,

370 3551 473 3618 34).
622 3550 674 3615 8)
712 3548 781 3613 cfi
822 3548 908 3602 lex
947 3546 1085 3600 XII
1114 3546 1221 3600 tab.
1254 3549 1304 3611 8,
1338 3551 1404 3599 14
1443 3546 1658 3613 (Brun-s
1692 3543 1762 3612 1⁶,
1793 3547 1898 3614 32).
