2650 3917
366 131 452 198 14
970 170 974 173 <
1020 133 1082 188 P.
1117 134 1457 191 RVTILIVS
1492 134 1748 193 RVFVS.

363 287 592 361 εἶπον.’
703 295 814 361 καὶ
886 296 1044 379 μεθ’
1110 296 1324 382 ἕτεροι·
1435 300 1575 364 dati
1633 300 1955 383 principis
2033 308 2397 383 quaestoreS,

365 385 561 467 ‘ovi-2⁸21}
593 385 878 470 ὕστερον,
917 385 1326 472 ἐξῃρέθησαν
1433 389 1545 471 qui
1589 389 1837 454 lectioni
1879 390 2000 458 soli
2043 391 2398 457 litteramum

364 474 428 539 οἱ
499 474 887 541 κανδιδᾶτοι
959 485 1079 541 τοῦ
1139 479 1325 560 βασι·
1475 479 1938 561 principalium
2004 481 2342 558 vacabant;

362 561 526 639 λέως
569 566 986 649 κυαίστορες,
1049 569 1120 630 οἳ
1159 568 1327 650 πρὸς
1432 567 1627 632 iidem
1646 574 1852 633 autem
1874 569 2064 634 etiam
2080 571 2400 654 suffrayia

309 676 332 716 5
362 651 746 735 ἀνάγνωσιν
781 663 917 718 τῶν
961 657 1326 738 βασιλικῶν
1435 656 1511 722 de
1554 663 1850 723 conventu
1892 665 2144 724 senatus
2174 661 2400 726 recita-

363 741 764 825 γραμμάτων
781 742 892 807 καὶ
908 744 1124 827 μόνην
1142 744 1329 829 ἐσχό-
1435 747 1589 810 bant
1631 747 1707 812 de
1750 748 1855 826 eis,
1900 749 2011 829 qui
2055 750 2145 814 ad
2189 750 2400 832 digni·

365 834 586 909 λοεζον·
666 833 732 897 οὶ
806 832 880 897 δὲ
953 831 1144 897 αὐτοὶ
1216 834 1324 900 καὶ
1434 840 1589 901 tates
1620 837 2182 917 promovebanmr?

363 921 632 1003 ψήφους
696 919 824 986 ἀπὸ
898 929 1019 986 τοῦ
1091 931 1326 987 κοινοῦ

362 1017 478 1092 τῆς
549 1012 796 1095 βουλῆς
878 1010 1326 1093 ἀνεγίνωσκον

281 1123 332 1163 10
359 1094 528 1179 ὑπὲρ
601 1109 738 1164 τῶν
816 1101 910 1177 εἰς
991 1098 1327 1185 ἀξιώματα

358 1186 876 1272 προαγομένων.’
950 1198 1157 1255 ταῦτα
1201 1186 1326 1275 μὲν

286 1276 396 1342 ὁ
443 1274 742 1354 Ἰούνιος.
770 1315 859 1324 —-
897 1278 1031 1343 Ioh.
1061 1279 1220 1363 Lyd.
1251 1280 1327 1344 de

359 1366 637 1447 magis-br.
663 1367 720 1450 1,
730 1367 1066 1451 24exDi9
1068 1371 1154 1452 ,1,
1168 1368 1269 1452 13,
1285 1369 1317 1432 1

360 1451 538 1540 (Uho.
569 1453 773 1543 2252)
812 1458 1063 1538 confuse
1088 1478 1164 1523 ae
1176 1479 1326 1540 per-

280 1568 330 1608 15
360 1544 613 1624 twrbate,
657 1551 728 1610 ut
772 1546 1022 1611 adsolet.

946 1811 1016 1878 Ρ.
1063 1811 1477 1879 RVTILIVS
1521 1813 1813 1879 RVFVS

1125 1921 1257 1988 (cos.
1297 1933 1347 1973 a.
1385 1936 1440 1972 u.
1472 1920 1614 1987 649).

929 2039 1322 2100 ‘IZTOPIAZ
1344 2039 1783 2098 ῬΩΜΑΙΚΗΣ
1796 2043 1814 2074 ²

490 2151 538 2215 1.
586 2148 872 2217 Rutilius
946 2152 1173 2216 scribit
1237 2151 1564 2217 Romanos
1629 2151 1990 2217 instituisse
2051 2153 2394 2238 nundinas,

277 2266 330 2306 20
359 2242 434 2303 ut
480 2243 625 2304 octo
674 2240 932 2324 quidem
979 2240 1207 2306 diebus
1253 2243 1322 2306 in
1370 2241 1538 2328 agris
1585 2241 1814 2307 rustici
1870 2263 2032 2325 opus
2086 2242 2395 2329 facerent,

356 2349 530 2392 nono
578 2333 793 2393 autem
830 2330 933 2394 die
978 2330 1347 2396 intermisso
1385 2354 1531 2396 rure
1570 2331 1650 2395 ad
1694 2335 2045 2396 mercatum
2085 2330 2393 2418 legesque

357 2417 757 2501 accipiendas
803 2418 1079 2485 Romam
1142 2421 1464 2503 uenirent,
1530 2424 1594 2483 et
1639 2424 1715 2484 ut
1778 2421 1939 2486 scita
1994 2423 2188 2503 atque
2247 2443 2396 2487 eon-

357 2506 529 2574 sulta
570 2507 1008 2591 frequentiore
1052 2508 1294 2593 populo
1342 2509 1758 2593 referrentur,
1805 2530 1970 2593 quae
2013 2510 2392 2577 trinundino

357 2595 460 2660 die
505 2596 842 2681 proposita
886 2620 927 2662 a.
970 2597 1245 2683 singulis
1292 2602 1487 2682 atque
1543 2598 1865 2663 uniuersis
1923 2598 2112 2664 facile
2170 2621 2398 2667 nosce—.

274 2711 326 2751 25
355 2685 609 2752 bantur.
698 2685 871 2751 unde
917 2688 1112 2752 etiam
1156 2709 1297 2752 mos
1344 2690 1614 2772 tractus,
1659 2690 1735 2750 ut
1778 2687 1953 2773 leges
2008 2688 2389 2755 trinundino

356 2775 459 2854 die
504 2775 1089 2863 promulgarentur.
1182 2798 1258 2840 ea
1302 2798 1371 2840 re
1417 2777 1612 2841 etiam
1657 2775 2016 2841 candidatis
2066 2798 2217 2841 usus
2264 2779 2394 2844 fuit

355 2865 824 2930 111150111111111111
893 2865 1199 2929 nundinis
1263 2864 1484 2930 uenire
1539 2869 1604 2932 et
1647 2866 1719 2929 in
1781 2865 1945 2930 oolle
2021 2867 2392 2952 consistere,

352 2954 525 3019 unde
589 2975 804 3019 eoram
875 2957 1142 3039 possent
1206 2954 1285 3019 ab
1349 2956 1667 3019 uniuersis
1739 2955 1963 3019 uideri.
2057 2955 2169 3020 sed
2232 2957 2392 3022 haee

356 3042 574 3108 omnia
616 3045 1067 3130 neglegentius
1112 3043 1338 3108 haberi
1376 3047 1602 3127 coepta
1630 3048 1693 3107 et
1720 3048 1871 3127 post
1904 3044 2168 3129 abolita,
2212 3050 2391 3130 post-

496 3239 554 3320 1)
594 3238 730 3292 ‘non
782 3238 1094 3305 recepissem
1147 3238 1249 3292 has
1302 3237 1502 3305 reliqui
1502 3253 1583 3302 ae,
1637 3236 1754 3291 nisi
1798 3237 2054 3293 Rutilius
2101 3238 2201 3293 hoc
2247 3239 2391 3294 libro

354 3309 533 3379 mayis
567 3309 827 3364 instituta
870 3309 1071 3378 populi
1109 3309 1265 3364 Rom.
1342 3325 1506 3377 quam
1552 3324 1638 3362 res
1690 3314 1869 3379 qestas
1915 3316 2233 3377 persecutus
2281 3327 2391 3365 esse

354 3381 640 3436 videretur.
714 3385 888 3434 cetera
943 3397 1082 3448 quae
1115 3380 1376 3446 feruntm·
1410 3380 1529 3435 eius
1561 3380 1875 3449 fraymenta
1911 3381 2108 3450 (Peter,
2126 3381 2249 3436 Met
2270 3383 2385 3436 rell.

360 3458 406 3518 1,
434 3448 693 3518 COLXV,
734 3456 864 3518 1873
900 3451 1097 3522 fraym.
1129 3452 1251 3506 hist.
1284 3452 1441 3506 Rom.
1472 3468 1532 3520 p
1567 3453 1690 3519 120)
1730 3468 1796 3506 ex
1834 3452 1992 3506 libris
2026 3452 2093 3507 de
2127 3453 2246 3508 vita
2281 3470 2389 3508 sua

355 3523 672 3592 deprompta
707 3540 815 3578 esse
850 3523 1040 3578 malim
1076 3521 1430 3578 existimare&
1470 3523 1588 3579 Ηιι.
