2650 3917
664 139 1011 195 HVSCHKH
1043 140 1455 196 PRAEFATIO
1492 141 1594 195 AD
1629 141 1745 195 ΕΙ).
1783 141 1824 195 Ι.
2157 94 2165 102 .
2202 142 2280 195 XI

245 330 346 371 nos
382 310 764 388 pervenerint
798 312 862 369 et
896 311 1011 370 hac
1046 311 1402 386 praesertim
1436 330 1502 370 re
1539 310 1802 370 studium
1843 330 2050 370 eorum
2086 313 2275 386 impe.-

244 400 467 475 diatur,
509 402 709 476 prima
745 417 889 459 cura
922 399 990 458 in
1023 399 1135 458 hoc
1170 399 1447 477 ponenda
1483 402 1639 475 erat,
1683 403 1754 458 ut
1790 419 1973 476 quam
2017 400 2272 479 integer-

245 490 460 548 rimum
497 488 776 565 quodque
821 492 1204 564 praestarem.
1296 488 1511 565 Itaque
1558 491 1819 548 omnium
1867 491 2137 550 invenies
2173 509 2277 549 no-

245 598 379 638 vam
413 580 817 637 recensionem
855 578 931 636 ab
969 578 1350 653 editionibus,
1389 577 1603 653 quibus
1640 597 1798 638 1111118
1834 580 2088 653 utimur,
2126 580 2274 638 adeo

244 667 720 769 discrepantem,
752 670 824 726 ut
858 667 1050 727 multo
1086 669 1282 745 magis
1320 668 1607 728 audaciae
1646 671 1707 727 et
1749 686 2042 727 novarum
2075 688 2276 727 rerum

245 757 426 816 studii
459 757 727 815 incusari
770 775 1004 832 verear,
1056 776 1236 834 quam
1275 756 1537 816 desidiae
1574 757 1672 816 vel
1723 757 2172 832 superstitiosae
2208 757 2274 815 in

241 845 482 905 traditis
517 847 1031 920 perseverantiae..
1080 845 1198 905 Sed
1232 849 1437 906 tamen
1473 846 1741 906 conscius
1767 846 1920 905 mihi
1946 865 2095 920 sum,
2121 846 2276 905 nihil

240 954 331 994 me
366 937 652 1009 mutasse,
688 936 818 993 8181
843 935 1117 995 omnibus
1155 935 1460 1009 adhibitis,
1490 953 1642 1011 quae
1670 939 1909 1010 praesto
1937 938 2127 1009 erant,
2164 938 2274 995 811-

241 1026 376 1084 11818
428 1023 736 1098 subsidiiS,
787 1027 850 1083 et
896 1043 962 1083 re
1013 1025 1231 1083 iterum
1280 1025 1617 1100 iterumque
1666 1043 1975 1100 perpensa.
2068 1023 2134 1084 Si
2170 1026 2278 1101 9111

241 1132 379 1173 vero
416 1115 560 1187 81111,
598 1114 704 1189 9111
740 1114 891 1173 vitio
928 1116 1197 1180 vertant,
1235 1113 1398 1190 quod
1432 1114 1496 1171 in
1534 1116 1829 1189 corruptis
1865 1113 2012 1173 locis
2051 1132 2274 1173 correc-

237 1206 459 1276 tioneS,
498 1221 653 1279 quae
691 1204 820 1262 sola
858 1205 1201 1262 coniectura
1236 1204 1541 1278 nituntur,
1575 1203 1927 1279 plerumque
1965 1205 2171 1263 statim
2209 1204 2275 1261 in

237 1294 370 1369 ipsa
421 1291 730 1369 scriptoris
775 1294 1046 1352 oratione
1094 1291 1461 1368 scripserim,
1507 1292 1777 1351 codicum
1824 1292 2276 1369 editionumque

237 1383 538 1459 scriptura
585 1381 683 1440 vel
741 1381 1001 1441 aliorum
1053 1383 1407 1441 coniecturis
1460 1383 1699 1440 tantum
1754 1382 2118 1457 subnotatis,
2174 1400 2274 1441 eos

235 1471 499 1531 monitos
534 1470 745 1545 velim,
795 1490 915 1529 11811
968 1469 1188 1531 stolida
1240 1470 1599 1530 confidentia
1635 1491 1729 1530 me
1774 1470 1838 1529 id
1885 1471 2119 1545 fecisse,
2170 1470 2278 1531 sed

232 1559 592 1619 iuvenilium
629 1561 965 1619 animorum
1009 1561 1242 1619 ratione
1287 1559 1527 1633 habita,
1574 1561 1680 1636 qui
1723 1561 1899 1618 initio
1946 1561 2111 1619 certa
2146 1579 2272 1619 ma-

235 1649 354 1708 lint
388 1648 507 1709 sibi
539 1648 720 1723 tradi,
754 1652 912 1723 post,
948 1649 1000 1708 si
1037 1666 1185 1725 opus
1224 1653 1333 1722 est,
1367 1648 1432 1706 in
1470 1648 1949 1724 disquisitionem
1984 1650 2273 1724 vocanda,

235 1757 421 1814 quam
454 1739 520 1796 in
558 1737 739 1798 dubio
785 1737 1069 1815 relinqui,
1126 1756 1197 1797 ex
1246 1756 1365 1814 quo
1413 1737 1572 1796 datis
1627 1757 1969 1814 quanquam
2033 1738 2276 1797 auxiliis

235 1828 357 1904 ipsi
403 1845 466 1885 se
514 1826 847 1902 expediant.
940 1827 1232 1887 Similiter
1277 1845 1489 1885 vereor
1542 1827 1857 1887 offensioni
1909 1828 2057 1902 fore,
2116 1826 2276 1903 quod

231 1918 584 1993 saepissime
621 1916 894 1990 lacunas,
939 1918 1124 1975 etiam
1159 1917 1487 1975 multorum
1521 1916 1865 1990 verborum,
1903 1917 2169 1992 explevi,
2205 1919 2278 1975 ut

233 2008 474 2108 integra
524 2024 593 2065 or
594 2006 718 2066 atio
767 2007 1199 2065 restitueretur.
1294 2005 1412 2065 Sed
1455 2007 1714 2080 primum
1760 2006 1872 2064 hoc
1916 2024 2275 2082 magnorum

235 2097 507 2155 virorum
535 2095 825 2170 exemplo,
855 2095 1066 2154 deinde
1094 2096 1277 2154 etiam
1307 2096 1557 2170 optima,
1586 2098 1656 2153 ut
1683 2098 1852 2171 puto,
1880 2095 2112 2154 ratione
2141 2095 2274 2153 feci.

234 2185 395 2243 Nam
436 2183 597 2259 quod
633 2184 706 2243 de
744 2185 1040 2260 corruptis
1076 2185 1225 2244 18818
1263 2184 1417 2258 dixi,
1453 2183 1517 2242 id
1554 2184 1745 2244 multo
1781 2184 1975 2262 magis
2014 2184 2177 2243 cadit
2210 2185 2276 2242 in

235 2272 525 2348 abruptos
562 2273 661 2332 vel
696 2273 960 2334 hiatibus
999 2274 1310 2347 deformes,
1350 2274 1455 2349 qui
1489 2292 1611 2332 non
1646 2274 1872 2332 tirones
1910 2277 2149 2333 tantum
2184 2275 2275 2331 ita

231 2362 431 2422 solent
469 2362 783 2438 deterrere,
810 2366 883 2421 ut
909 2381 1098 2439 paene
1133 2365 1375 2422 omnino
1414 2362 1811 2440 neglegantur
1846 2362 2275 2438 fastidiumque

233 2452 480 2511 lectoris
519 2470 694 2528 saepe
733 2454 918 2512 etiam
954 2453 1153 2512 vicina
1190 2451 1513 2530 pertingat.
1579 2453 2008 2511 Verumtamen
2036 2455 2107 2510 ut
2136 2470 2273 2528 sup-

233 2540 403 2616 pleta
443 2540 649 2617 aliquo
686 2560 801 2601 usu
837 2559 963 2601 esse
999 2541 1259 2617 possint,
1296 2542 1418 2600 imo
1456 2560 1531 2600 ne
1567 2542 1760 2619 magis
1798 2545 2055 2600 noceant
2094 2560 2276 2617 quam

231 2630 494 2707 prosint,
530 2632 946 2706 supplementa
983 2632 1160 2690 certis
1197 2631 1429 2708 legibus
1457 2632 1589 2708 regi
1625 2633 1863 2706 oportet
1899 2649 2117 2706 easque
2147 2630 2273 2688 ubi-

233 2738 354 2797 que
390 2720 569 2779 hasce
606 2719 944 2781 observavi:
980 2720 1243 2796 primum
1279 2722 1349 2778 ut
1385 2719 1651 2780 modicus
1690 2720 1891 2778 hiatus
1930 2721 2026 2793 sit,
2066 2738 2270 2793 quam·

232 2808 444 2868 obrem
479 2809 744 2884 plurium
769 2829 1070 2883 versuum,
1099 2811 1203 2885 9111
1239 2810 1418 2885 plane
1454 2809 1829 2882 interierunt,
1866 2808 2275 2869 restitutiones

227 2898 593 2975 plerumque
621 2898 687 2956 in
722 2900 883 2958 notis
918 2902 1160 2958 tantum
1193 2899 1376 2958 retuli
1412 2898 1861 2958 demonstrandi
1901 2916 2099 2970 eausa,
2129 2917 2270 2973 9118·

227 2986 411 3046 modo
442 3005 533 3060 ea,
569 3005 723 3062 quae
758 2988 1034 3063 deinceps
1069 2988 1367 3066 legantur,
1404 3007 1537 3047 cum
1573 2990 1668 3062 iis,
1698 3006 1854 3062 quae
1894 2988 2275 3062 antecedunt,

226 3095 303 3135 ex
340 3078 546 3134 mente
596 3078 903 3153 scriptoris
949 3076 1343 3152 probabiliter
1388 3076 1705 3137 coniuncta
1750 3078 2003 3135 fuerint:
2060 3076 2274 3135 deinde

226 3164 312 3239 id,
344 3164 509 3241 quod
546 3166 872 3242 suppletur,
900 3169 970 3224 ut
1007 3165 1205 3242 spatio
1241 3184 1353 3241 pro
1390 3166 1610 3226 codicis
1648 3166 1937 3242 cuiusque
1974 3166 2275 3242 scriptura

226 3254 584 3328 conveniat,
631 3257 932 3357 postremo
981 3260 1052 3313 ut
1099 3256 1225 3314 81118
1262 3253 1379 3313 1881
1419 3256 1501 3314 sit
1537 3258 1598 3313 et
1633 3274 1706 3313 ne
1760 3255 1905 3330 quid
1951 3257 2275 3332 contineat,

228 3344 297 3405 in
334 3362 463 3421 quo
500 3342 792 3418 offendas,
838 3346 964 3404 sive
1000 3364 1125 3404 rem
1163 3343 1288 3403 sive
1337 3346 1668 3403 orationem
1714 3347 1959 3419 spectes.
2051 3344 2145 3403 Ab
2183 3325 2276 3405 his

228 3436 394 3501 enim
431 3432 611 3493 rebus
647 3389 883 3510 pendet,
916 3436 987 3492 ut
1023 3435 1438 3509 supplementa
1472 3433 1959 3509 probabilitatem
1996 3433 2276 3493 habeant.

226 3522 302 3583 In
338 3522 776 3602 probabilitate
814 3525 1018 3582 autem
1052 3525 1228 3582 tanta
1264 3541 1405 3598 pars
1443 3523 1804 3600 cognitionis
1841 3523 2138 3582 humanae
2170 3542 2274 3598 po·
