2650 3917
585 185 687 239 AD
725 185 961 241 GAIVM
996 185 1352 242 PRAEFAT.
1389 186 1737 242 HVSGHKH
1770 187 1886 242 ΕΒ.
1924 189 1965 242 Ι.
2176 189 2300 254 117

263 356 326 411 et
372 372 505 413 cum
550 354 649 413 hic
704 354 776 413 de
840 356 1398 416 iurisconsultorum
1463 375 1627 415 more
1694 361 2045 433 quaeratur,
2113 358 2307 419 Servii

264 435 602 524 (Sulpicii),
652 443 819 503 Sexti
864 440 1227 521 (Pomponii,
1273 446 1346 506 cf.
1395 446 1721 521 Zimmern,
1767 445 1923 506 Hist.
1971 450 2082 507 iur.
2110 446 2170 523 ὅ
2221 451 2300 508 92

257 536 384 592 not.
420 523 489 613 6)
550 536 610 591 et
663 534 858 609 ipsius
918 531 1034 593 Gai
1088 531 1313 615 (Cassii
1366 533 1654 614 Longini,
1709 537 1781 596 cf.
1830 535 2131 595 Zimmern
2176 538 2213 596 l.
2255 557 2286 595 c

260 620 299 697 ἓ
349 623 434 680 85
503 625 623 682 not.
676 615 791 702 25)
857 623 1193 683 ostendunt.
1305 623 1536 682 Deinde
1602 624 1763 700 quod
1842 623 1957 685 Gai
2018 645 2304 702 responsa

257 730 381 771 non
447 713 711 786 exstant,
773 712 905 788 ipse
968 713 1286 772 confitetur
1353 712 1757 774 Mommsenus
1832 717 2015 773 etiam
2078 715 2304 775 Romae

257 802 534 877 potuisse
570 799 803 876 ICtum,
840 803 945 877 qui
971 801 1385 878 respondendo
1415 821 1659 879 operam
1686 822 1806 862 non
1835 802 2024 880 daret,
2062 805 2305 880 scriptis

255 890 567 949 inclarere.
660 890 746 948 At
783 888 968 950 Gaius
1007 891 1270 950 edictum
1305 892 1677 967 provinciale
1724 895 2158 953 commentatus
2196 897 2305 968 est,

258 978 421 1056 quod
458 979 863 1039 Mommsenus
908 983 1092 1056 negat
1127 981 1247 1040 nisi
1284 980 1356 1039 de
1405 983 1620 1053 certae,
1666 982 1875 1056 itaque
1922 984 2069 1056 eius,
2118 1001 2304 1057 quam

255 1067 671 1143 inhabitabat,
751 1070 1093 1144 provinciae
1168 1069 1363 1128 edicto
1435 1070 1709 1148 intellegi
1780 1089 1980 1147 posse,
2055 1091 2304 1146 eamque

177 1234 180 1239 Ι
255 1157 473 1217 Asiam
517 1158 704 1217 fuisse
751 1160 1043 1231 autumat,
1091 1177 1226 1218 cum
1277 1156 1467 1218 Gaius
1514 1159 1918 1236 Bithynorum
1964 1163 2025 1219 et
2061 1158 2306 1220 Galata—

251 1266 392 1305 rum
441 1246 827 1323 peregrinum
870 1249 966 1306 ius
1003 1239 1176 1328 (Inst.
1222 1251 1277 1322 1,
1310 1249 1423 1324 553
1463 1241 1621 1330 193)
1670 1251 1731 1308 et
1774 1248 2044 1323 Troadis,
2090 1250 2306 1326 Beryti

258 1338 320 1395 et
365 1334 734 1412 Dyrrhachii
767 1337 862 1395 ius
899 1336 1182 1397 Italicum
1220 1328 1313 1418 (L.
1359 1339 1392 1395 7
1444 1337 1514 1397 D.
1556 1337 1628 1396 de
1666 1357 1819 1398 cens.
1852 1340 1955 1413 50,
1988 1331 2098 1419 15)
2147 1357 2303 1398 com·

255 1428 697 1485 memoraverit.
792 1423 907 1484 Sed
955 1427 1033 1500 si,
1091 1429 1159 1484 ut
1215 1426 1547 1501 existimat,
1612 1427 1873 1486 multum
1929 1430 2115 1486 etiam
2159 1430 2305 1487 tunc

256 1514 640 1593 singularum
697 1516 1141 1590 provinciarum
1197 1515 1554 1574 differebant
1608 1516 1804 1575 edicta
1863 1520 1933 1585 et,
1979 1536 2121 1576 suae
2167 1538 2305 1594 pro-

255 1605 494 1663 vinciae
543 1603 808 1662 edictum
854 1603 1040 1664 Gaius
1087 1607 1524 1664 commentatus
1573 1608 1680 1678 est,
1728 1624 1847 1664 non
1896 1602 1995 1664 ‘ad
2042 1606 2305 1665 edictum

254 1688 673 1770 provinciale',
720 1694 958 1768 opinor,
1020 1694 1123 1753 sed
1174 1688 1273 1753 ‘ad
1330 1693 1591 1753 edictum
1648 1690 2011 1754 Asiaticum'
2068 1687 2168 1775 (ut
2213 1699 2306 1756 est

252 1782 483 1859 ubique
519 1783 587 1840 in
625 1780 924 1842 Ciceronis
952 1781 1245 1858 Verrinis‚
1284 1778 1573 1842 ‘edictum
1609 1776 1970 1865 Siciliense')
2009 1785 2107 1845 vel
2145 1789 2306 1845 certe

255 1867 359 1931 ‘ad
418 1871 685 1931 edictum
746 1871 1117 1948 proconsulis
1181 1873 1527 1948 provinciae
1592 1868 1796 1932 Asiae'
1843 1873 2063 1932 librum
2131 1879 2306 1938 suuni

251 1961 585 2021 inscribere
657 1960 890 2036 debuit3
963 1980 1105 2021 nam
1176 1961 1547 2037 provinciale
1613 1961 1874 2021 edictum
1947 1964 2308 2039 simpliciter

255 2050 487 2110 dictum
534 2070 605 2109 ex
666 2050 971 2126 analogia,
1031 2069 1151 2125 qua
1195 2051 1566 2126 provinciale
1627 2051 1849 2126 solum,
1908 2053 2299 2128 provincialis

252 2145 519 2214 senator,
564 2140 952 2215 provincialis
998 2139 1192 2213 iudex,
1240 2139 1366 2199 alia
1411 2139 1709 2216 dicuntur,
1757 2140 2018 2201 edictum
2055 2143 2121 2200 in
2159 2161 2303 2217 qua-

254 2248 494 2305 cunque
540 2229 854 2305 provincia
899 2231 1303 2305 propositum,
1356 2231 1653 2305 quatenus
1711 2231 1940 2290 scilicet
1987 2250 2056 2289 ea
2104 2233 2307 2290 omnia

254 2317 739 2392 consentiebant,
799 2317 1114 2395 significat.
1207 2318 1290 2377 Et
1347 2321 1576 2378 serione
1639 2321 1960 2396 quisquam
2021 2323 2308 2380 statuerit

252 2410 400 2467 tunc
445 2405 663 2467 ICtum
711 2407 976 2482 aliquem
1011 2409 1078 2465 in
1126 2409 1393 2466 animum
1437 2408 1760 2482 induxisse,
1806 2412 1876 2467 ut
1919 2412 2100 2468 unius
2145 2412 2307 2468 inter

252 2500 350 2556 tot
402 2498 752 2573 provincias
809 2496 1072 2559 edictum
1126 2498 1384 2575 triginta
1438 2497 1609 2557 libris
1667 2497 2034 2574 explicaret?
2087 2498 2303 2574 Itaque

255 2605 330 2645 ex
374 2585 490 2646 hac
534 2587 671 2662 ipsa
728 2586 1134 2662 appellatione
1190 2589 1352 2645 recte
1409 2587 1743 2666 colligitur,
1800 2587 1960 2662 quod
2007 2590 2068 2647 et
2111 2590 2302 2646 totius

253 2675 421 2735 illius
494 2677 786 2750 temporis
848 2677 1007 2734 ratio
1071 2676 1223 2735 facit
1283 2679 1355 2734 ut
1427 2675 1735 2735 credamus
1750 2669 1790 2750 ²,
1858 2677 2303 2753 provinciarum

253 2764 634 2825 diversarum
679 2764 902 2839 edicta,
948 2766 1003 2824 si
1045 2783 1200 2839 rem,
1244 2784 1368 2824 non
1412 2766 1668 2824 formam
1724 2767 1986 2840 spectas,
2050 2769 2194 2824 tunc
2239 2766 2302 2824 in

252 2873 444 2913 unum
484 2852 745 2913 conflata
780 2871 922 2928 esse,
963 2853 1123 2929 quod
1157 2853 1232 2912 ab
1271 2853 1546 2913 omnibus
1582 2853 2041 2931 proconsulibus
2078 2854 2302 2931 partim

250 2962 363 3020 per
408 2961 471 3002 se
518 2945 759 3018 partim,
805 2945 876 3001 ut
919 2944 984 3001 in
1028 2939 1299 3002 Caesaris
1345 2942 1691 3019 provinciis,
1735 2962 1844 3020 per
1886 2945 2118 3021 legatos
2163 2963 2300 3019 pro-

251 3034 582 3110 poneretur
593 3023 634 3107 ²,
684 3032 1075 3106 quamobrem
1132 3030 1348 3092 Gaium
1394 3034 1458 3091 in
1513 3033 1608 3092 his
1663 3032 1834 3091 libris
1891 3032 2115 3109 ubique
2165 3052 2301 3109 pro-

400 3219 457 3287 1)
495 3215 578 3271 cf.
616 3215 681 3271 E.
718 3217 1007 3288 Huschke,
1045 3219 1255 3275 Census
1292 3239 1337 3274 z.
1377 3221 1434 3274 Z.
1474 3221 1528 3275 d.
1568 3220 1705 3275 Geb.
1743 3221 1793 3274 J.
1833 3220 1957 3276 Chr.
1997 3238 2052 3290 p.
2092 3225 2177 3274 22.

253 3294 307 3375 Β)
343 3288 927 3344 Animadvertendum
985 3293 1073 3347 est
1125 3291 1272 3346 hanc
1327 3292 1588 3347 edicendi
1642 3293 2004 3360 potestatem,
2043 3309 2157 3360 qua
2211 3290 2301 3345 ius

251 3361 418 3427 civile
458 3377 525 3414 su
566 3359 833 3429 plebatur
867 3361 958 3416 vel
996 3362 1399 3433 corrigebatur,
1434 3365 1658 3417 tantum
1696 3362 2065 3433 magistratus
2102 3362 2302 3432 populi

251 3431 497 3487 Romani
577 3430 805 3487 abuisse
842 3431 986 3503 (Gai.
1028 3441 1077 3502 1,
1107 3437 1186 3504 6);
1236 3435 1474 3503 proinde
1513 3434 1687 3488 etiam
1725 3433 2020 3489 Gaesarem
2066 3449 2300 3503 procon-

251 3504 434 3560 sulem
471 3504 533 3558 in
573 3504 690 3558 suis
729 3505 1032 3574 provinciis
1079 3521 1263 3575 neque
1307 3522 1438 3561 vero
1493 3505 1714 3575 legatos
1753 3504 2035 3573 Caesaris,
2092 3505 2301 3575 quibus

249 3575 575 3631 iurisdictio
611 3576 837 3629 tantum
874 3576 1161 3645 praetoria
1198 3576 1461 3647 delegata
1499 3579 1636 3631 erat.
