2650 3917
365 144 451 207 56
979 145 1052 199 M.
1089 143 1475 199 ANTISTIVS
1511 144 1767 233 LABEO.

498 306 553 371 2.
603 305 944 391 ‘Spurcum
989 308 1215 373 uinum
1262 312 1379 390 est,
1440 309 1615 393 quod
1659 309 1857 374 sacris
1913 309 2206 373 adhiberi
2259 331 2397 374 non

360 394 553 479 lieet',
598 401 673 460 ut
725 398 817 461 ait
877 395 1092 462 Labeo
1139 396 1466 462 Antistius
1511 397 1552 463 1.
1599 396 1677 462 Χ.
1734 398 2177 463 commentarii
2230 399 2391 463 iuris

360 485 697 568 pontificii,
743 486 872 551 ‘cui
918 508 1084 570 aqua
1129 486 1414 551 admixta
1449 490 1564 571 est,
1612 486 2053 552 defrutumue1
2090 491 2205 552 aut
2240 487 2392 574 igne

359 577 601 638 tactum
646 579 762 659 est,
806 579 1192 658 mustumue‚
1238 578 1583 660 antequam
1628 575 2064 642 deferuesoat’.
2105 615 2190 623 —
2223 576 2391 643 Fest.

306 690 330 727 5
357 684 411 726 v.
455 683 749 745 spnreoeasm
786 685 852 745 Ρ.
890 663 1037 728 348.

491 751 545 817 3.
594 751 789 817 ‘Prox
816 752 986 818 bona
1013 776 1161 837 uox,
1188 752 1297 817 uel
1321 756 1397 817 ut
1425 754 1704 837 quidam,
1739 755 1945 837 proba
1989 752 2391 840 signifieat&

357 840 657 927 uidetur',
700 845 778 907 ut
822 841 914 906 ait
959 842 1173 907 Labeo
1212 844 1290 907 de
1333 844 1474 907 iure
1518 843 1854 926 pontificio
1892 843 1935 908 l.
1962 840 2072 907 XI.
2100 880 2192 889 —
2221 843 2389 909 Fest.

360 952 414 994 v.
448 951 617 1012 prox
648 952 718 1012 Ρ.
756 930 905 996 253.

488 1020 548 1085 4.
596 1016 836 1084 Sistere
862 1020 1014 1084 fana
1040 1041 1187 1085 cum
1213 1020 1283 1084 in
1309 1020 1471 1086 urbe
1509 1020 1838 1085 condenda
1883 1020 2139 1105 dicitur,
2187 1022 2388 1106 sigm‘-

172 1157 179 1163 .
276 1133 327 1172 10
355 1107 506 1173 ficat
549 1108 692 1173 loca
746 1109 815 1173 in
879 1109 1121 1194 oppido
1180 1108 1547 1174 futurorum
1610 1110 1910 1174 fanorum
1975 1111 2389 1177 constituere.

355 1196 774 1280 quamquam³
818 1196 1146 1262 Antistius
1192 1198 1409 1263 Labeo
1465 1200 1557 1262 ait
1611 1199 1679 1262 in
1735 1200 2196 1264 commentario
2243 1199 2389 1266 XV.

351 1286 511 1349 iuris
559 1287 878 1369 pontificii
915 1287 1065 1352 fana
1111 1287 1337 1352 sistere
1375 1309 1511 1352 esse
1554 1288 1952 1353 lectisternia
1995 1290 2188 1353 certis
2222 1289 2391 1355 loeis

351 1378 418 1438 et
463 1374 586 1438 diis
631 1374 883 1440 habere.
931 1414 1021 1423 —
1063 1376 1229 1442 Fest.
1274 1398 1329 1441 v.
1374 1379 1588 1442 sistere
1619 1398 1688 1459 Ρ.
1727 1376 1876 1442 351.

487 1463 540 1529 5.
587 1461 940 1552 ⁴=Subigere
986 1466 1252 1531 arietem
1289 1466 1359 1531 in
1407 1466 1629 1531 eodem
1673 1465 1843 1531 libro
1881 1465 2206 1531 Antistius
2245 1488 2388 1532 esse

272 1580 321 1620 ιε,
351 1551 444 1616 ait
489 1552 637 1635 dare
684 1554 966 1640 arietem,
1014 1555 1127 1639 qui
1170 1577 1289 1639 pro
1339 1576 1408 1619 se
1453 1559 1699 1642 agatur,
1746 1554 2063 1622 caedatur.
2102 1594 2187 1602 —
2216 1555 2386 1622 Fest.

351 1663 405 1705 v.
451 1642 728 1724 subiyere
758 1665 830 1724 Ρ.
868 1643 1016 1708 351.

484 1731 538 1796 6.
586 1731 801 1796 Labeo
848 1733 1247 1819 sexagesimo
1295 1738 1361 1796 et
1406 1736 1640 1797 octauo
1699 1729 1906 1797 libro⁶
1950 1732 2201 1817 intulit,
2256 1736 2388 1800 nisi

348 1817 412 1883 N
414 1823 674 1905 eptimo,
719 1820 1016 1906 Apollini
1061 1825 1127 1885 et
1173 1821 1371 1886 Marti
1417 1826 1676 1886 taurum
1720 1843 1854 1886 non
1908 1821 2248 1888 immolari.
2296 1861 2384 1870 —

349 1907 629 1975 Macrob.
676 1909 809 1975 Sat.
857 1910 917 1993 3,
959 1910 1058 1994 10,
1095 1912 1155 1975 4.

264 2131 317 2170 20
656 2103 780 2156 Ex
811 2104 1122 2159 IISDEM
1151 2103 1449 2170 Lzmzzs,
1498 2104 1603 2159 VT
1641 2104 2028 2159 VLDETVR.
2043 2103 2067 2135 ⁶

478 2213 531 2276 7.
579 2210 1001 2279 Posimerium
1074 2235 1211 2278 esse
1286 2215 1379 2278 ait
1449 2212 1776 2278 Antistius
1838 2213 2044 2279 Labeo
2101 2216 2175 2279 in
2221 2215 2288 2279 l.
2320 2265 2334 2279 .
2365 2265 2382 2280 .

342 2301 507 2365 imis
538 2302 929 2382 pontificalis
975 2304 1357 2387 pomerium,
1393 2304 1460 2368 id
1498 2307 1597 2367 est
1639 2303 1842 2368 locum
1865 2324 1990 2385 Ρνο
2026 2324 2223 2383 mwr0,
2268 2308 2384 2386 qni

342 2534 501 2599 atque
518 2530 627 2596 ille,
646 2532 827 2599 quide
853 2532 1290 2602 indigitamentis
1308 2532 1385 2586 ad
1406 2532 1690 2588 Gaesarem
1707 2532 1945 2602 scripsit,
1967 2532 2126 2587 valde
2145 2532 2382 2587 dubium

341 2606 430 2655 est.
472 2602 540 2667 cf.
573 2602 911 2670 Hirschfeld,
928 2603 1073 2657 Aeta
1100 2603 1357 2658 Academ.
1381 2604 1562 2657 Berol.
1587 2608 1722 2657 1901
1748 2620 1805 2672 Ρ.
1832 2609 1913 2658 12.
2062 2604 2115 2673 1)
2153 2603 2380 2659 defruc-

342 2674 536 2727 tumue
555 2674 669 2728 eod.
819 2675 871 2740 2)
906 2674 1085 2743 proba
1123 2673 1441 2743 significare
1461 2675 1580 2728 Ha.
1619 2674 2077 2744 praesignificare
2112 2676 2226 2730 cod.
2252 2676 2378 2731 edd.

341 2744 410 2809 cf.
434 2744 599 2799 Paul.
620 2762 666 2800 v.
682 2761 844 2814 prox.
956 2748 1010 2814 3)
1048 2762 1387 2814 quamquam
1407 2747 1525 2800 Hu.
1583 2761 1754 2815 quam
1781 2746 1900 2800 cod.
2009 2747 2063 2816 4)
2102 2747 2171 2813 cf.
2200 2763 2381 2816 supra

340 2815 408 2869 L.
453 2816 678 2870 Cincius
715 2821 781 2870 10
809 2834 872 2886 Ρ.
902 2821 988 2870 27.
1204 2819 1257 2884 ὅ)
1299 2817 1399 2872 ‘an
1440 2819 1584 2873 iuris
1625 2816 1944 2886 pontificii?
1993 2835 2071 2872 an
2121 2819 2381 2874 onmibus

339 2888 457 2941 eins
495 2887 652 2942 libris
685 2889 1007 2954 numeratis,
1035 2904 1168 2957 quos
1205 2890 1630 2960 quadrinqentos
1664 2889 1838 2955 fuisse
1866 2889 2210 2957 Pomponius
2236 2890 2377 2962 Diy.

343 2964 389 3025 1,
411 2963 461 3026 2,
483 2963 533 3025 2,
554 2964 621 3011 47
681 2964 909 3014 testatur
945 2967 996 3014 et
1039 2960 1101 3011 in
1147 2960 1346 3028 quibus
1392 2963 1555 3014 etiam
1603 2960 1734 3014 libri
1769 2961 1913 3014 iuris
1940 2961 2224 3029 pontificii
2253 2962 2378 3017 sine

338 3029 505 3085 dubio
544 3030 739 3100 diqesti
774 3029 974 3084 erant?
1009 3031 1100 3099 (ef.
1120 3031 1254 3101 Diq.
1278 3036 1327 3098 1,
1349 3037 1399 3098 2,
1421 3037 1470 3098 2,
1490 3033 1599 3101 44).
1649 3033 1923 3100 posterius
1958 3032 2150 3086 malim
2185 3034 2377 3087 existi-

338 3102 526 3155 mare’.
567 3102 684 3156 Hn.
826 3103 879 3171 6)
921 3101 1006 3156 ‘in
1039 3102 1126 3156 his
1153 3103 1463 3156 Labeonem
1498 3109 1747 3157 nostrum
1781 3104 1948 3157 etiam
1974 3103 2040 3157 de
2065 3103 2180 3158 diis
2206 3105 2379 3175 eyisse

336 3178 385 3225 et
414 3189 517 3241 per
552 3189 607 3228 se
652 3173 942 3228 verisimile
987 3179 1065 3227 est
1100 3180 1152 3229 et
1194 3180 1406 3228 constat
1450 3191 1517 3227 ex
1559 3174 1633 3240 fr.
1675 3180 1758 3229 15.
1781 3179 1865 3228 20.
1940 3180 2003 3229 at
2036 3176 2203 3229 etiam
2242 3175 2376 3231 Gor-

335 3243 514 3297 nelins
551 3245 778 3313 quidam
816 3245 1001 3300 Labeo
1037 3245 1136 3299 hoc
1172 3251 1571 3316 aryumentum,
1609 3247 1906 3317 theoloyica
2016 3247 2153 3312 tius,
2190 3252 2255 3300 ut
2291 3249 2374 3301 vi-

333 3315 507 3381 detum,
552 3317 785 3382 ratione,
836 3316 1204 3385 eomplimbus
1239 3317 1398 3371 libris
1433 3324 1713 3372 exsecutus
1747 3324 1882 3384 erat,
1920 3262 2014 3370 ἆὲο
2023 3317 2223 3386 quibus
2256 3320 2371 3373 vid.

338 3387 585 3440 Maerob.
616 3387 732 3442 Sat.
757 3393 806 3453 1,
830 3392 913 3453 12,
936 3392 1088 3456 2089.
1135 3395 1181 3454 1,
1206 3393 1291 3456 16,
1313 3393 1397 3441 29.
1439 3393 1488 3455 1,
1512 3393 1595 3455 18,
1617 3393 1702 3443 21.
1741 3392 1792 3453 3,
1813 3394 1862 3456 4,
1885 3394 1931 3442 6.
2008 3394 2061 3443 et
2102 3389 2193 3443 hic
2246 3392 2373 3458 qui-

332 3458 453 3511 dem
487 3458 634 3511 hamc
669 3458 980 3513 Labeonem
1034 3459 1226 3513 addito
1267 3460 1509 3514 Cornelii
1563 3462 1785 3515 nomine
1836 3460 2037 3528 ubique
2090 3477 2129 3514 a
2181 3467 2374 3515 nostro

333 3535 589 3583 accurate
644 3529 918 3585 discernit.
992 3531 1125 3585 aliis
1162 3547 1285 3586 vero
1330 3532 1458 3586 item
1491 3532 1888 3601 posterioribus
1922 3531 2145 3599 saepius
2181 3531 2374 3587 Labeo
