2650 3917
831 136 887 193 C.
931 135 1217 192 CASSIVS
1254 137 1640 193 LONGINVS.
2173 140 2256 203 79

217 300 356 365 iure
423 322 615 385 posse
659 300 983 366 Masurius
1051 299 1327 366 Sabinus
1393 301 1671 386 scripsit.
1762 303 1874 366 sed
1919 302 1985 366 id
2049 324 2257 387 neque

216 390 510 474 permitti
549 389 707 455 dicit
741 412 949 474 neque
986 390 1492 475 permittendum
1530 412 1668 456 esse
1703 413 2013 475 umquam
2051 396 2255 477 putat,

213 483 290 544 ut
350 477 653 544 homines
717 478 1005 544 libertini
1071 480 1314 545 ordinis
1370 502 1486 565 per
1549 479 1927 564 adoptiones
1984 480 2051 545 in
2116 481 2257 546 iura

217 568 651 654 ingenuorum
698 569 1025 634 inuadant.
1120 568 1500 653 ‘Alioquin',
1545 569 1777 653 inquit,
1817 571 1896 635 ‘si
1933 570 2092 635 iuris
2129 571 2257 634 ista

214 658 572 742 antiquitas
622 661 929 743 seruetur,
978 659 1172 722 etiam
1219 680 1445 723 seruus
1491 680 1529 721 a
1588 658 1852 724 domino
1908 680 2021 743 per
2077 681 2256 743 prae·
2310 688 2334 729 5

213 750 423 811 torem
439 744 461 783 ²
509 746 648 810 dari
693 747 760 810 in
809 747 1223 832 adoptionem
1268 749 1526 831 potest’.
1619 747 1813 831 idque
1869 748 1961 812 ait
2014 747 2254 833 pleros-

213 856 339 919 que
374 834 539 899 iuris
576 836 814 901 ueteris
853 841 1144 902 auctores
1186 858 1375 920 posse
1412 837 1555 902 fieri
1600 838 1947 921 scripsisse.
1975 875 2063 885 —
2096 837 2252 903 Gall.

256 974 275 1008 ’
349 974 445 1078 22'3.
496 1011 631 1078 Sub
677 1017 852 1078 tecto
880 1014 979 1077 uti
1024 1014 1247 1079 liceret
1280 1012 1388 1100 (se.
1417 1014 1665 1079 flamini
1692 1014 1868 1079 Diali
1898 1015 2036 1080 sine
2073 1017 2253 1099 apice

208 1100 401 1205 esse),
449 1124 583 1167 non
618 1102 867 1186 pridem
906 1125 944 1166 a
979 1103 1397 1187 pontificibus
1436 1104 1859 1169 constitutum
1896 1103 2252 1170 Massurius
2282 1134 2334 1175 ιο

208 1191 491 1257 Sabinus
549 1192 835 1277 scripsit,
900 1196 966 1256 et
1020 1192 1147 1257 alia
1209 1193 1522 1276 quaedam
1584 1194 1856 1258 remissa
1918 1194 2252 1280 gratiaque

208 1281 468 1367 aliquot
513 1281 1050 1346 caerimoniarum
1107 1283 1278 1347 facta
1334 1283 1588 1348 dicitur.
1653 1321 1737 1329 —
1810 1282 1966 1349 Gen.
2009 1283 2112 1367 10,
2152 1283 2254 1365 15,

210 1371 311 1435 17.
365 1371 471 1435 18.
529 1372 605 1452 ef.
650 1391 847 1453 snpra
892 1371 1138 1437 Fabius
1184 1371 1400 1437 Pictor
1444 1372 1486 1436 3
1530 1394 1600 1455 p.
1639 1372 1699 1437 3.

749 1548 816 1613 C.
865 1547 1221 1614 CASSIVS
1267 1547 1671 1615 LONGINV
1675 1548 1719 1615 S

544 1656 715 1723 (cons.
755 1669 804 1709 a.
845 1657 914 1707 30
949 1671 1003 1722 p.
1035 1652 1162 1708 chr.
1211 1653 1356 1708 obiit
1392 1655 1496 1707 sub
1536 1653 1919 1725 Vespasiano).
2281 1687 2331 1728 15

339 1764 389 1829 1.
439 1762 629 1827 Circa
675 1762 921 1827 Padum
966 1768 1182 1828 autem
1230 1785 1376 1828 cum
1424 1768 1748 1849 ageretur,
1796 1764 1967 1849 quod
2014 1764 2252 1833 flumen

200 1857 460 1917 torrens
491 1850 598 1916 et²
626 1851 974 1935 aliquando
1005 1856 1140 1916 tam
1167 1851 1530 1917 uiolentum
1561 1853 1861 1938 decurrit,
1890 1859 1966 1919 ut
1994 1854 2249 1921 alueum

206 1946 420 2006 mutet
467 1946 534 2005 et
580 1940 933 2005 multorum
979 1940 1109 2006 late
1155 1963 1346 2027 agros
1392 1946 1572 2007 trans
1618 1942 1857 2028 ripam,
1902 1947 1975 2008 ut
2022 1944 2114 2009 ita
2162 1944 2251 2008 di-

205 2053 369 2114 cam,
413 2028 787 2113 transferat,
850 2052 1038 2114 saepe
1103 2031 1296 2095 etiam
1362 2030 1608 2096 insulas
1674 2032 1930 2116 efficiat,
1996 2032 2250 2098 Cassius

205 2119 564 2204 Longinus,
603 2118 1137 2203 prudentissimus
1174 2120 1296 2203 uir,
1334 2120 1492 2185 iuris
1531 2125 1771 2207 auctor,
1803 2121 1928 2187 hoc
1966 2123 2193 2186 statuit
2207 2120 2249 2206 ⁸,
2277 2151 2330 2191 20

203 2213 281 2273 ut
326 2207 648 2293 quidquid
693 2229 861 2292 aqua
903 2208 1343 2274 lambiscendo
1391 2210 1760 2293 abstulerit,
1807 2210 1874 2273 id
1919 2232 2250 2296 possessor

206 2297 499 2382 amittat,
576 2297 883 2382 quoniam
952 2297 1198 2363 scilicet
1259 2299 1473 2384 ripam
1536 2322 1717 2364 suam
1784 2299 1922 2363 sine
1986 2299 2248 2365 alterius

206 2386 442 2452 damno
490 2386 662 2450 tueri
709 2386 925 2471 debet3
964 2388 1019 2452 si
1046 2409 1201 2452 uero
1238 2389 1483 2453 maiore
1508 2390 1578 2452 ui
1616 2389 1955 2453 decurrens
1994 2389 2249 2454 alueum

205 2480 540 2560 mutasset,
587 2497 775 2541 suum
821 2476 1092 2560 quisque
1137 2476 1444 2542 modum4
1488 2481 1889 2562 agnosceret,
1945 2479 2249 2562 quoniam

350 2671 406 2738 1)
448 2670 548 2733 (ευ,
595 2671 695 2737 qui
746 2670 1010 2736 vindieat,
1046 2673 1235 2725 statim
1273 2671 1501 2725 liberum
1536 2671 1820 2740 filiumque
1854 2688 2016 2726 suum
2052 2677 2116 2726 in
2142 2689 2246 2741 po·

207 2747 395 2795 testate
450 2757 561 2795 esse
611 2748 892 2796 asserente.
967 2759 1077 2811 qua
1128 2744 1347 2797 ratione
1383 2749 1433 2796 et
1486 2743 1742 2797 dominus
1792 2744 2030 2810 fiduciae
2075 2761 2247 2798 eausa

206 2814 383 2867 amieo
419 2814 803 2882 mancipatum
838 2830 1048 2867 servum
1095 2814 1360 2883 adoptare
1386 2820 1621 2883 poterat.
1699 2815 1748 2868 I.
1782 2820 1829 2879 1,
1862 2819 1945 2880 11,
1978 2815 2085 2867 12⁹.
2126 2816 2242 2869 Ha.

207 2886 260 2952 2)
296 2887 520 2938 torrens
559 2888 618 2937 et
654 2884 805 2938 codd.
853 2886 918 2937 ut
971 2886 1187 2938 torrens
1226 2886 1345 2938 Hn.
1493 2887 1545 2954 3)
1588 2885 1723 2940 ‘non
1776 2887 1839 2939 in
1893 2886 2051 2940 libris
2104 2888 2247 2942 iuris

206 2956 413 3022 cavans,
468 2961 537 3010 ut
674 2957 855 3010 ‘natm-
908 2957 1151 3012 Dirksen
1206 2957 1368 3010 akad.
1408 2957 1549 3010 Abh.
1599 2962 1682 3010 27.
1713 2957 1875 3011 Febr.
1919 2962 2050 3010 1851
2083 2975 2145 3027 p.
2177 2962 2244 3012 23

206 3027 538 3094 (hinterlass.
638 3027 745 3081 cler.
802 3027 883 3082 ed.
939 3027 1113 3082 Sanio
1149 3027 1175 3080 I
1183 3068 1201 3094 ,
1242 3029 1365 3097 180)
1379 3072 1392 3097 ‚
1446 3028 1564 3093 sed,
1621 3035 1684 3082 ut
1747 3029 2012 3099 quinus
2064 3030 2244 3096 refert,

206 3115 273 3153 ex
307 3097 712 3154 consultatione
753 3098 818 3153 de
854 3099 1097 3153 Padana
1150 3102 1367 3170 reqione
1419 3116 1674 3169 responso
1730 3100 1876 3165 dato,
1933 3101 2078 3168 quod
2130 3119 2246 3157 non

207 3171 282 3224 ad
312 3170 604 3241 ymen-alia
641 3169 706 3224 de
741 3170 828 3224 his
877 3171 1331 3239 acquisitionibus
1375 3178 1673 3240 praecepta
1726 3172 2069 3238 referendum
2124 3174 2241 3227 est'.

209 3242 324 3296 Ha.
470 3242 525 3310 4)
571 3241 733 3311 ‘puta
768 3242 898 3296 olim
936 3243 1296 3312 assiynatum,
1335 3259 1489 3310 quem
1524 3259 1676 3297 nune
1712 3243 1908 3297 Padus
1943 3247 2244 3315 occupavit,

207 3313 421 3383 iamque
458 3319 732 3382 quantum
767 3313 891 3379 lieri
921 3320 1123 3383 potest,
1173 3330 1240 3368 ea·
1286 3314 1438 3381 alveo
1485 3314 1733 3369 derelicto
1787 3316 1897 3369 sibi
1946 3319 2245 3371 resarcien-

208 3384 363 3438 dum:
418 3386 590 3454 quasi
640 3384 772 3439 haee
811 3401 961 3438 mens
997 3386 1059 3439 in
1112 3387 1329 3455 reqione
1367 3386 1612 3439 Padana
1667 3387 2005 3456 assiqnantis
2057 3389 2243 3455 fuerit,

209 3473 368 3524 quam
412 3472 721 3526 possessor,
769 3464 832 3511 ut
873 3456 1022 3511 alins
1059 3456 1106 3509 b.
1153 3458 1560 3524 possessionem,
1615 3458 1876 3527 ayne-seit.
1950 3460 2096 3513 unde
2130 3476 2244 3513 non

199 3536 336 3595 puto
391 3530 651 3583 Cassium
696 3530 760 3581 in
815 3529 1179 3596 occupator-iis
1224 3529 1376 3598 aqi-is
1425 3528 1567 3582 idem
1619 3528 1860 3595 sensisse,
1912 3537 1974 3584 nt
2018 3533 2244 3585 sensisse
