2650 3917
299 121 378 177 IV
885 119 1268 175 EDITORVM
1305 118 1735 174 PRAEFATIO.

300 290 522 363 silium,
561 308 677 365 quo
716 289 1169 349 constitutiones
1207 307 1436 362 omneS,
1474 290 1657 346 etiam
1694 288 1819 348 divi
1854 287 2151 346 Hadriani
2201 306 2330 347 sen-

300 380 523 439 tentias
571 380 632 436 et
688 378 972 454 epistolas
1011 397 1047 436 a
1082 377 1630 437 Pseudo-Dositheo
1685 380 1954 436 servatas
2010 396 2046 434 a
2100 377 2332 453 sylloge

302 486 409 526 sua
446 470 763 543 separavit.
854 467 917 526 id
956 485 1191 542 quoque
1227 469 1387 524 recte
1423 467 1632 526 fecisse
1668 466 1839 526 nobis
1876 465 2134 540 videtur,
2171 465 2332 542 quod

303 556 597 616 abstinuit
651 557 1002 634 fragmentis
1047 557 1110 613 in
1169 553 1428 631 Corpore
1481 554 1816 615 Iustiniano
1880 554 2150 629 traditis,
2215 554 2332 613 nisi

303 664 455 721 quae
511 645 588 703 ad
646 645 1005 722 supplendas
1070 645 1316 703 lacunas
1374 644 1830 703 Institutionum
1887 642 2018 718 Gai,
2074 643 2331 722 Regula-

300 754 432 793 rum
472 732 742 810 Ulpiani,
788 734 1231 810 Responsorum
1266 733 1588 809 Papiniani
1623 733 1839 793 idonea
1903 736 2115 792 essent.
2212 752 2332 809 qua

300 825 366 882 in
403 843 466 882 re
516 826 709 883 minus
757 826 929 882 anxie
980 825 1201 882 versati
1246 840 1449 882 sumus
1498 826 1557 881 et
1600 823 1793 899 magis
1838 822 1903 880 id
1953 824 2209 900 egimuS,
2263 825 2332 881 ut

300 912 485 972 libros
538 913 675 973 illos
724 932 901 988 quam
956 913 1335 988 plenissimos
1389 912 1691 971 ederemus
1704 956 1720 985 ‚
1775 930 1957 987 quam
2009 915 2079 969 ut
2134 911 2331 987 spatio

300 1020 692 1077 parceremus
783 1001 1044 1060 maxima
1102 1003 1303 1060 autem
1360 1000 1540 1059 laude
1597 1000 1812 1078 dignus
1867 1000 2037 1059 nobis
2097 999 2335 1059 videtur

301 1090 580 1150 Huschke
593 1136 608 1164 ,
646 1091 806 1166 quod
844 1091 1398 1166 antiquissimorum
1442 1093 1779 1164 temporum
1822 1088 2331 1165 iurisprudentiae

304 1180 590 1256 reliquias
643 1182 709 1239 in
765 1180 1001 1255 scriptis
1049 1177 1410 1240 Graecorum
1447 1182 1508 1237 et
1555 1179 1959 1238 Romanorum
2015 1179 2333 1254 dispersim

301 1270 558 1329 traditas
604 1268 1059 1346 diligentissime
1116 1268 1377 1346 collegit,
1435 1272 1616 1344 atque
1661 1269 1775 1327 hoc
1819 1267 1947 1326 eius
1986 1269 2335 1327 institutum

303 1357 472 1418 nobis
510 1360 740 1417 curiose
786 1357 1240 1417 custodiendum
1277 1360 1424 1416 erat.
1516 1376 1759 1432 operam
1794 1360 1996 1415 tamen
2038 1356 2325 1430 dedimus,

306 1450 375 1506 ut
410 1450 642 1506 textum
679 1448 1150 1524 fragmentorum
1188 1467 1259 1506 ex
1295 1446 1657 1506 editionibus
1704 1447 1876 1506 novis
1918 1450 2099 1521 atque
2138 1465 2332 1504 emen-

304 1536 480 1610 datiS,
519 1555 667 1611 quas
707 1530 868 1594 infra
908 1528 991 1616 (p.
1022 1535 1194 1594 XXII
1214 1528 1333 1616 sq.)
1372 1537 1862 1609 enumeravimuS,
1901 1553 2335 1594 recenseremus

307 1624 870 1701 emendaremusque
901 1628 962 1683 et
999 1626 1470 1703 fragmentorum
1497 1644 1808 1683 numerum
1845 1643 2213 1701 augeremuS,
2242 1627 2337 1683 usi

303 1713 407 1788 iis,
457 1732 608 1789 qnae
645 1714 763 1774 viri
807 1713 970 1773 docti
1012 1732 1216 1773 recens
1260 1713 1791 1790 investigaverunt.
1882 1715 1948 1772 in
1984 1714 2096 1772 hac
2132 1733 2196 1772 re
2235 1713 2335 1772 ad-

303 1802 702 1862 ministranda
739 1822 992 1881 magnae
1021 1802 1191 1862 nobis
1229 1802 1486 1862 utilitati
1524 1805 1710 1877 erant,
1737 1805 1809 1861 ut
1834 1820 2027 1878 pauca
2066 1803 2336 1879 exempla
2409 1815 2420 1831 ⁴

305 1891 658 1966 adferamus,
687 1892 1132 1952 Reitzensteinii
1156 1891 1544 1961 Quaestiones
1563 1891 1909 1966 Verrianae,
1940 1889 2173 1950 Goetzii
2195 1890 2334 1951 Gor·-

303 1983 468 2057 poris
512 1980 947 2041 Glossariorum
980 1985 1178 2040 tomus
1216 1981 1522 2056 secundus,
1558 1982 1623 2039 in
1651 1999 1769 2057 quo
1797 1980 2333 2040 Pseudo-Dosithe-

306 2089 422 2129 ana
460 2072 859 2145 continentur,
887 2071 928 2129 J
930 2072 1110 2129 oersii
1146 2070 1391 2129 articuli
1417 2069 1489 2129 de
1517 2072 1646 2128 vita
1674 2073 1735 2128 et
1771 2071 2010 2146 scriptis
2046 2072 2337 2130 iuriscon-

304 2159 602 2218 sultorum
639 2160 1012 2235 quorundam
1039 2160 1368 2219 Wissowae
1404 2159 1916 2234 Encyclopaediae
1947 2160 2335 2235 antiquitatis

305 2248 541 2322 inserti,
589 2249 728 2309 alia.
818 2249 1088 2307 Bremeri
1124 2267 1362 2325 quoque
1407 2248 1918 2323 Iurisprudentiae
1956 2248 2338 2307 antehadria—

306 2355 419 2396 nae
456 2337 745 2414 reliquias
774 2357 896 2397 non
922 2340 1048 2397 sine
1075 2333 1278 2397 fructu
1303 2339 1687 2413 inspeximus,
1726 2356 2093 2414 quamquam
2130 2357 2342 2397 eorum

308 2426 610 2487 ordinatio
651 2427 1081 2502 consiliumque
1109 2426 1286 2504 longe
1315 2446 1353 2485 a
1388 2429 1596 2486 nostra
1628 2426 1888 2485 editione
1918 2426 2104 2485 abest.
2161 2433 2343 2487 aucta

305 2516 499 2592 igitur
535 2519 675 2575 sunt
710 2518 777 2575 in
813 2518 1017 2575 nostra
1066 2516 1324 2575 editione
1369 2518 1708 2594 fragmenta
1743 2515 1999 2591 Manilii,
2036 2516 2344 2592 Tuditani,

308 2605 472 2664 Iunii
519 2603 871 2678 Gracchani,
929 2604 1136 2679 Cincii,
1183 2604 1306 2664 Ser.
1346 2604 1618 2681 Sulpicii,
1653 2605 1814 2664 Aelii
1860 2604 2039 2680 Galli,
2074 2605 2344 2682 Veranii,

310 2692 647 2769 Capitonis,
701 2694 951 2753 Masurii
988 2694 1210 2754 Sabini.
1300 2698 1612 2771 praeterea
1654 2694 1989 2755 addidimus
2041 2693 2101 2754 C.
2143 2694 2345 2757 Cassii

307 2781 567 2859 Longini
612 2783 945 2843 orationem
991 2802 1027 2841 a
1074 2784 1284 2843 Tacito
1343 2784 1506 2864 (ann.
1551 2786 1651 2857 14,
1681 2776 1975 2865 42—44)
2031 2785 2343 2860 traditam,

309 2891 430 2930 non
468 2891 585 2947 quo
622 2874 756 2948 ipsa
803 2875 929 2932 eius
976 2873 1158 2932 verba
1203 2876 1444 2933 servata
1489 2891 1613 2933 esse
1669 2876 1973 2949 putemus,
2027 2875 2132 2934 sed
2179 2876 2346 2951 quod

310 2960 538 3019 indoles
578 2964 757 3037 atque
802 2963 1111 3040 ingenium
1145 2963 1262 3021 viri
1305 2981 1451 3039 prae
1499 2962 1708 3022 ceteris
1761 2963 2015 3040 insignis
2059 2963 2200 3024 inde
2236 2984 2343 3041 op-

307 3049 453 3108 time
492 3053 882 3126 cognoscitur.
945 3051 1271 3112 adiecimus
1306 3070 1486 3127 porro
1524 3052 1997 3128 disputationem
2035 3051 2164 3112 Sex.
2199 3053 2347 3115 Cae·

310 3138 437 3197 cilii
489 3139 823 3214 iurisperiti
869 3143 929 3200 et
974 3140 1258 3200 Favorini
1311 3140 1654 3217 philosophi
1693 3141 1764 3200 de
1819 3144 2092 3201 veterum
2137 3145 2348 3222 legum

312 3228 676 3287 obscuritate
712 3247 782 3287 ac
820 3231 1157 3304 severitate,
1193 3230 1345 3290 iuris
1381 3231 1772 3290 vetustissimi
1808 3230 2123 3293 ruderibus
2147 3235 2338 3293 ,refer-

308 3319 454 3391 tam,
506 3336 657 3392 quae
705 3319 927 3396 legitur
967 3321 1034 3377 in
1081 3317 1263 3378 Gellii
1308 3319 1600 3379 Noctibus
1645 3319 1869 3380 Atticis
1919 3323 2023 3395 20,
2061 3325 2093 3380 1
2110 3316 2136 3395 ς’
2185 3322 2350 3398 quod

312 3423 433 3480 qua
471 3405 541 3464 de
580 3426 760 3467 eausa
799 3408 1130 3483 fecerimus,
1167 3427 1273 3468 suo
1312 3409 1444 3469 loco
1483 3401 1570 3489 (p.
1604 3401 1717 3490 97)
1756 3411 2153 3486 exposuimus.
2248 3431 2349 3470 ac-

312 3500 612 3555 cesserunt
647 3496 904 3572 denique
939 3515 1130 3557 novae
1177 3498 1426 3558 editioni
1471 3498 1812 3576 fragmenta
1848 3499 2350 3576 Disputationum
