2650 3917
916 174 1042 230 GAJ
1076 174 1335 230 INSTIT.
1372 175 1400 230 1
1433 179 1665 231 46—47.
1922 219 1936 232 .
2161 173 2289 241 153

253 335 352 404 46.
399 360 549 403 nam
614 343 678 403 et
742 340 797 403 si
868 342 1257 404 testamento
1334 339 1591 422 scriptis
1649 339 1718 404 in
1792 339 2011 404 orbem
2088 340 2289 404 seruis

249 428 521 493 libertas
578 428 729 492 data
775 429 885 509 sit,
943 429 1095 512 quia
1137 429 1356 492 nullus
1414 428 1570 493 ordo
1626 428 2152 493 manumissionis
2198 429 2291 493 in-

250 517 533 601 uenitur,
569 518 735 582 nulli
770 517 961 582 liberi
999 520 1206 603 erunt,
1247 518 1400 601 quia
1435 518 1541 581 lex
1576 517 1763 583 Fufia
1802 516 2088 598 Caminia,
2126 540 2289 602 quae

248 607 319 671 in
365 607 658 671 fraudem
708 607 845 671 eius
889 607 1063 672 facta
1109 607 1257 691 sint,
1303 607 1625 671 rescindit.
1719 611 1872 672 sunt
1917 608 2113 672 otiam
2152 628 2289 691 spe·

249 695 441 760 cialia
486 700 747 761 senatus
797 696 1116 779 consulta,
1164 695 1401 780 quibus
1447 696 1719 761 rescissa
1765 700 1916 761 sunt
1964 719 2064 780 ea,
2125 717 2289 779 quae

246 786 318 849 in
361 786 656 849 fraudem
703 785 843 850 eius
888 786 1054 871 legis
1101 786 1468 870 excogitata
1514 789 1680 850 sunt.

384 875 482 939 47.
530 872 610 938 In
648 893 901 940 summa
938 874 1269 939 sciendum
1307 878 1424 958 ost,
1460 877 1624 956 933οᾱ
1660 873 1803 960 lego
1839 873 2028 939 Aelia
2066 872 2290 939 Sentis

248 968 513 1029 cautum
561 963 662 1043 sit,
690 969 766 1028 ut
780 962 803 1000 ¹
849 964 1235 1028 creditorum
1281 962 1782 1029 fraudandorum
1832 985 2022 1028 cansa
2068 986 2288 1029 manu-

247 1053 433 1117 missi
494 1052 684 1117 liberi
730 1074 863 1118 non
917 1053 1104 1131 fiant,
1159 1053 1284 1117 hoo
1337 1051 1569 1118 etiam²
1615 1053 1694 1117 ad
1739 1075 1890 1137 pere
1976 1054 1989 1067 '
2042 1075 2114 1118 os
2149 1073 2290 1137 por-

245 1143 474 1226 tinere,
533 1144 821 1224 [senatus
877 1143 970 1207 ita
1025 1142 1275 1206 censuit
1331 1164 1409 1206 ex
1467 1143 1853 1207 auctoritate
1895 1075 2248 1227 ffiriani]
2262 1139 2288 1180 ³

242 1319 575 1373 manumissi
624 1323 785 1385 sunt,
838 1334 1009 1387 usque
1047 1317 1123 1371 ad
1175 1318 1337 1372 illum
1390 1334 1702 1384 numerum,
1757 1335 1914 1386 9333333
1968 1318 2289 1400 eoeplanatio

242 1392 489 1445 eontinet
521 1390 787 1458 superius
821 1389 1233 1458 comprehensa:
1277 1390 1378 1458 9333
1411 1406 1542 1444 333νο
1582 1395 1771 1457 postea
1817 1406 1992 1457 supra
2027 1390 2288 1444 eonstitu-

245 1468 363 1516 tum
399 1477 690 1515 numerum
726 1461 1056 1515 manumissi
1103 1461 1387 1543 leyuntur,
1433 1462 1497 1513 in
1542 1463 1803 1515 seruitute
1839 1477 1926 1515 eos
1971 1468 2175 1516 eertum
2211 1466 2290 1516 est

233 1549 573 1602 permanere.
648 1533 793 1600 933οά
828 1533 881 1585 33
915 1549 1030 1586 non
1065 1532 1396 1586 nominatim
1430 1532 1582 1587 serui
1617 1534 1706 1586 uel
1752 1533 1989 1587 ancillae
2024 1533 2088 1585 in
2125 1539 2286 1587 testa·

240 1610 421 1658 mento
456 1605 942 1669 manumittantur,
977 1603 1071 1656 sed
1107 1603 1333 1669 confuse
1375 1620 1557 1658 omnes
1592 1619 1776 1657 seruos
1812 1620 1940 1658 suos
1975 1604 2065 1658 uel
2112 1606 2285 1659 ansil-

242 1676 330 1730 las
366 1676 434 1742 is,
471 1676 568 1744 qui
602 1680 979 1729 testamentum
1014 1675 1174 1740 facit,
1212 1675 1408 1730 liberos
1441 1675 1621 1741 faeere
1657 1675 1914 1741 uoluerit,
1950 1675 2098 1728 nulli
2125 1677 2284 1744 peni-

241 1753 336 1802 tus
368 1747 534 1813 firma
570 1762 678 1801 esse
732 1746 951 1800 iubetur
997 1746 1098 1800 1303
1133 1747 1324 1800 ordine
1372 1747 1508 1800 data
1564 1747 1802 1812 libertas,
1856 1746 1951 1801 sed
2005 1762 2189 1801 omnes
2223 1748 2288 1800 in

238 1818 436 1873 seruili
469 1816 805 1883 condicione,
840 1819 938 1886 9333
972 1818 1071 1871 1303
1107 1817 1300 1872 ordine
1336 1819 1665 1872 manumissi
1689 1824 1839 1884 sunt,
1873 1819 2285 1887 permanebunt

239 1906 375 1943 nam
402 1890 504 1943 etsi
521 1889 604 1943 ita
631 1890 694 1943 in
721 1894 1036 1943 testamento
1064 1904 1349 1944 seruorum
1384 1890 1742 1944 manumissio
1779 1888 2062 1959 adscripta
2096 1889 2286 1956 fuerit,

240 1961 302 2014 id
339 1966 419 2015 est
453 1962 516 2013 in
552 1960 776 2026 eireulO,
811 1966 876 2014 ut
910 1962 1010 2030 9333
1042 1961 1217 2028 prior,
1255 1961 1353 2030 9333
1388 1962 1655 2028 posterior
1690 1962 2010 2014 nominatus
2044 1961 2134 2025 sit,
2171 1977 2287 2015 non

234 2033 415 2100 possit
451 2033 693 2115 aynosei,
728 2032 878 2085 nulli
913 2048 979 2085 ex
1013 2033 1101 2086 his
1138 2032 1440 2085 libertatem
1475 2032 1661 2085 ualere
1695 2032 2052 2097 manifestum
2089 2038 2191 2097 est,
2235 2033 2288 2086 si

241 2105 468 2175 aynosei
502 2120 617 2158 non
646 2109 848 2172 potest,
894 2104 991 2173 9333
1017 2104 1206 2172 prior,
1243 2104 1342 2171 9333
1377 2104 1649 2187 posterior
1683 2105 1858 2186 fuerit
1896 2106 2283 2158 manumissus.

242 2180 291 2228 3.
333 2175 487 2229 Nam
523 2178 577 2230 si
612 2174 819 2243 aliquis
854 2175 918 2227 in
955 2175 1301 2245 aeyritudine
1347 2176 1674 2229 constitutus
1718 2176 1782 2227 in
1825 2176 2085 2241 fraudem
2119 2175 2287 2229 huius

239 2247 377 2317 13933
411 2247 592 2314 faeere
630 2246 871 2300 noluerit
905 2252 1297 2311 testamentum,
1323 2246 1419 2300 sed
1456 2246 1700 2314 epistolis
1727 2252 1827 2300 aut
1862 2246 2287 2315 quibuscumque

240 2318 376 2373 aliis
400 2319 562 2373 rebus
586 2319 764 2372 seruis
789 2318 909 2371 suis
940 2317 1218 2386 pluribus,
1246 2334 1412 2386 quam
1441 2334 1544 2387 per
1579 2322 1954 2371 testamentum
1985 2318 2121 2384 lieet,
2160 2334 2285 2373 eon-

236 2391 386 2458 ferre
419 2389 660 2444 uoluerit
696 2389 969 2443 libertates
1005 2395 1058 2443 et
1081 2390 1181 2443 sub
1218 2394 1425 2457 tempor
1426 2405 1452 2442 e
1488 2389 1679 2443 mortis
1704 2390 1804 2444 1303
1838 2390 2039 2457 feeerit,
2076 2390 2152 2456 133,
2190 2391 2288 2458 9333

230 2463 403 2532 prius
437 2461 769 2516 manumissi
799 2459 1040 2526 fuerint,
1076 2476 1246 2529 3339333
1282 2460 1359 2514 ad
1394 2477 1681 2514 numerum
1724 2461 1979 2543 superius
2023 2463 2284 2516 eonstitu-

237 2541 360 2588 tum
396 2533 556 2587 liberi
589 2536 775 2596 emant,
815 2532 911 2600 9333
945 2548 1077 2586 uero
1114 2538 1245 2601 post
1295 2537 1566 2586 statutum
1618 2538 1905 2587 numerum
1958 2533 2288 2587 manumissi

237 2605 474 2672 fuerint,
527 2603 677 2658 serui
728 2603 849 2657 sine
904 2603 1070 2657 dubio
1118 2604 1536 2672 permanebunt.
1613 2607 1662 2657 4.
1702 2605 1855 2657 Nam
1890 2604 1943 2658 si
1995 2604 2287 2658 incolumis

238 2691 602 2747 quoscumque
641 2674 860 2728 diuerso
896 2679 1131 2743 tempore
1164 2676 1507 2740 manumisit,
1545 2676 1690 2730 inter
1726 2692 1829 2742 eos,
1866 2676 1965 2744 qui
1984 2691 2088 2743 per
2123 2681 2283 2729 testa-

237 2753 484 2802 mentum
546 2746 876 2800 manumissi
935 2752 1092 2810 sunt,
1154 2746 1475 2801 nullatenus
1543 2751 1936 2829 computentur.
2015 2746 2137 2800 Em
2198 2746 2286 2800 his

236 2826 426 2874 tamen
463 2817 818 2887 Epitomator
854 2833 945 2882 ea,
989 2833 1129 2885 933333
1176 2822 1240 2882 ἐξ
1272 2822 1321 2871 3.
1353 2822 1400 2869 4.
1432 2818 1807 2883 eontinentur,
1855 2817 2084 2871 aliunde
2120 2834 2286 2885 quam

238 2908 307 2945 ex
347 2890 496 2944 Gaio
530 2889 823 2958 sumpsisse
858 2887 1116 2943 videtwr’.
1176 2890 1294 2943 Η33.
1517 2891 1568 2955 1)
1607 2890 1707 2942 aut
1741 2888 1808 2943 V.
1866 2888 1936 2955 ef.
1977 2889 2287 2958 apoyraphi

235 2962 691 3032 supplementum.
765 2961 830 3012 ut
858 2960 958 3012 aut
993 2960 1219 3028 patroni
1247 2962 1349 3014 aut
1384 2960 1563 3042 suppl.
1601 2960 1720 3014 Η33.
1789 2959 1949 3015 ‘certe
1974 2976 2089 3013 non
2125 2960 2282 3013 dubi-

236 3032 477 3088 tandum
512 3033 678 3087 etiam
706 3031 861 3100 apud
889 3032 1226 3101 pereyrinos‚
1263 3032 1486 3086 etiamsi
1503 3048 1618 3086 non
1655 3047 1853 3098 omnes,
1882 3032 2144 3100 patronis
2179 3031 2284 3085 ali·

423 3105 515 3158 ius
568 3104 633 3156 in
687 3103 844 3157 bonis
899 3101 1214 3157 libertorum
1266 3103 1481 3169 fuisse'.
1540 3102 1658 3156 Hu.
1877 3104 1931 3169 2)
1968 3102 2076 3157 hoo
2113 3102 2286 3155 etiam

244 3176 533 3231 Goeschen.
574 3174 748 3228 etiam
775 3173 883 3227 hoe
909 3173 976 3228 V.
1124 3176 1179 3243 3)
1217 3172 1799 3229 senatus—Hadriani
1827 3174 1928 3229 del.
1962 3175 2281 3229 Mommsen.

384 3356 541 3419 34&
594 3351 665 3418 cf.
705 3352 864 3419 infra
902 3357 950 3419 2,
981 3356 1101 3406 239.
1159 3352 1235 3406 D.
1268 3357 1354 3419 35,
1387 3359 1436 3419 1,
1467 3356 1535 3406 37
1584 3351 1771 3421 (Paul.
1803 3354 1944 3422 926).
2007 3352 2122 3407 Gai
2156 3354 2280 3420 epit.

249 3428 295 3489 1,
322 3428 373 3490 2,
384 3357 452 3477 §.2
522 3423 734 3479 Auson.
768 3423 879 3478 lud.
912 3424 1035 3478 VII
1055 3425 1286 3492 sapient.
1325 3427 1396 3477 80
1433 3423 1623 3493 (Solon
1650 3424 1859 3494 8).1>.
1900 3429 1986 3490 40,
2017 3429 2067 3490 ὅ,
2098 3428 2183 3490 24,
2216 3428 2279 3476 17

249 3464 415 3633 (Πῶς
437 3496 659 3634 14878.7)3Ῐ.
696 3582 870 3636 supra
910 3572 958 3632 1,
991 3570 1073 3619 37.
