2650 3917
946 165 1415 222 SCRIPTORV'M
1449 166 1695 221 INDEX.
2163 166 2340 220 XXIX

299 325 462 379 Rhet.
502 326 577 378 ad
613 325 744 380 Her.
784 344 832 380 v.
870 327 1034 382 Auct.
1074 328 1148 381 ad
1184 327 1428 381 Herenn.

300 396 544 451 Salvian.
586 398 657 451 de
791 397 844 453 b.
895 397 988 451 dei
1016 424 1084 445 ---
1114 397 1427 466 Salvianus,
1483 398 1568 453 De
1622 397 2029 468 gubernatione
2087 398 2195 465 dei,
2251 398 2339 451 ed.

441 468 627 536 Halm,
744 486 930 523 onum.
972 469 1306 524 Germaniae
1361 470 1491 523 hist.
1547 471 1821 523 Auctores
1878 468 2259 538 antiquissimi
2313 470 2339 521 I

445 539 647 608 (Berol.
690 545 827 594 1877
854 583 868 605 ,
909 545 1146 608 1-108ς
1202 541 1290 595 ed.
1327 540 1526 611 Pauly,
1583 540 1795 610 Corpus
1851 541 2103 611 scriptor.
2161 539 2340 595 eccle-

442 611 655 665 siastic.
693 611 791 666 lat.
997 611 1261 682 (Vindob.
1301 616 1481 683 1883),
1521 618 1748 666 1—200.
1788 643 1855 653 —
1895 611 2050 667 Saec.
2088 611 2155 666 V.

303 681 487 736 801101.
524 682 779 737 Ambros.
812 710 881 729 =
911 683 1137 738 Scholia
1172 684 1232 736 in
1281 682 1563 739 Ciceronis
1620 683 1899 738 orationes
1957 683 2166 739 codicis
2205 683 2337 736 Am-

439 752 710 822 brosiani,
748 755 838 809 ed.
877 753 1077 826 [Orelli
1114 756 1194 826 et]
1231 755 1443 823 Baiter,
1483 754 1764 810 Ciceronis
1813 770 1984 825 opera
2029 754 2082 808 V
2118 761 2149 809 2
2208 753 2336 823 (Tu-

441 825 547 879 rici
585 828 765 896 1833),
806 831 1107 879 369-373,
1145 858 1214 866 -
1254 826 1410 881 Saec.
1451 825 1579 881 VL?

299 895 482 951 Schol.
522 897 810 967 Aristoph.
841 924 908 944 =
939 896 1165 952 Scholia
1200 897 1633 968 Aristophanea,
1673 897 1759 952 ed.
1789 897 2071 966 Duebner‚
2106 897 2338 952 Parisiis

449 972 608 1022 1842.
646 1000 717 1008 -
755 969 903 1023 Ante
941 985 1087 1023 saec.
1125 968 1193 1023 X.

300 1038 485 1094 Schol.
532 1039 671 1094 Bob.
702 1066 770 1085 =
801 1039 1027 1094 Scholia
1080 1041 1141 1094 in
1196 1039 1480 1095 Ciceronis
1536 1039 1819 1095 orationes
1873 1039 2193 1107 Bobiensia,
2250 1041 2338 1095 ed.

442 1108 644 1182 [Orelli
682 1111 764 1183 et]
801 1111 1010 1181 Baiter,
1051 1110 1334 1166 Ciceronis
1372 1128 1542 1181 opera
1585 1111 1638 1164 V
1676 1117 1707 1164 2
1756 1110 1967 1182 (Turici
2006 1114 2184 1182 1833),
2233 1117 2337 1166 228

440 1188 637 1237 -369,
666 1187 976 1250 878—3763
1007 1184 1093 1237 ed.
1114 1182 1510 1251 Hildebrandt,
1530 1183 1758 1252 Lipsiae
1780 1188 1935 1239 1907.
1967 1215 2035 1223 —
2068 1183 2223 1238 8000.
2241 1183 2336 1238 IV.

300 1252 487 1307 Schol.
523 1253 733 1308 Lucan.
763 1280 831 1300 =
861 1253 1086 1309 Scholia
1122 1255 1181 1308 in
1224 1254 1533 1323 Lucanum,
1589 1254 1675 1309 ed.
1714 1254 1924 1309 Weber
1977 1254 2037 1308 in
2088 1254 2338 1309 editione

438 1324 672 1393 Lucani,
708 1325 939 1395 Lipsiae
977 1330 1208 1394 182800.
1248 1358 1318 1366 -
1355 1326 1502 1381 Ante
1542 1342 1683 1380 saec.
1725 1326 1791 1380 X.

299 1395 486 1450 Schol.
523 1396 677 1450 Pers.
706 1423 775 1442 =
806 1397 1031 1451 Scholia
1085 1397 1146 1450 in
1199 1396 1456 1452 Persium
1511 1399 1635 1465 (sat.
1675 1400 1747 1467 2),
1804 1398 1889 1451 ed.
1928 1397 2076 1451 Kurz
2113 1396 2174 1450 in
2209 1414 2339 1466 pro-

441 1484 677 1537 gramm.
713 1467 1012 1539 Burgdorf.
1052 1474 1217 1533 18883
1257 1469 1344 1522 ed.
1382 1469 1694 1522 Buecheler
1728 1469 1789 1522 in
1836 1469 1954 1523 ed.⁸
1989 1468 2185 1535 Persii,
2233 1470 2337 1521 Be-

441 1538 611 1592 rolini
652 1544 808 1595 1893.
846 1570 918 1580 --
955 1539 1111 1594 8000.
1151 1540 1293 1593 Vm.
1333 1539 1464 1594 IX.?

300 1608 485 1664 Schol.
542 1610 744 1666 Veron.
785 1611 861 1664 ad
915 1610 1080 1681 Verg.
1122 1611 1260 1665 Aen.
1291 1638 1360 1657 =
1391 1611 1617 1666 Scholia
1672 1611 2019 1666 Veronensis.
2074 1611 2149 1664 ad
2203 1611 2339 1665 Ver-

442 1680 572 1752 gilii
610 1681 935 1750 Aeneidem,
974 1683 1062 1736 ed.
1092 1682 1291 1753 Hagen
1319 1683 1382 1735 in
1409 1682 1738 1752 Appendice
1768 1683 2035 1737 Sei-viana
2061 1682 2187 1737 Vol.
2207 1682 2286 1736 III
2306 1689 2337 1737 2

444 1752 691 1823 (Lipsiae
731 1757 892 1823 1902)
929 1771 983 1822 p.
1016 1759 1116 1806 391
1132 1771 1252 1822 sqq.
1291 1785 1363 1793 -
1401 1754 1554 1808 Saec.
1593 1753 1660 1807 V.
1698 1753 1790 1809 vel
1827 1757 2011 1809 antea.

301 1824 505 1893 Script.
542 1824 674 1880 hist.
711 1824 856 1893 Aug.
888 1851 955 1870 =
986 1824 1296 1894 Scriptores
1337 1826 1605 1880 historiae
1643 1826 1950 1897 Augustae,
2001 1825 2120 1880 ed.²
2154 1825 2338 1894 Peter,

441 1895 670 1965 Lipsiae
709 1901 866 1951 1884.
903 1928 974 1936 —-
1013 1896 1169 1951 Saec.
1205 1896 1341 1952 IV.?
2123 1943 2129 1949 .

370 1966 530 2021 Alex.
569 1967 689 2022 Sev.
720 1994 790 2013 =--
817 1967 1139 2022 Alexander
1175 1967 1426 2021 Severus.

371 2039 577 2093 Anton.
609 2065 676 2084 =
705 2038 780 2092 M.
820 2039 1137 2092 Antoninus
1174 2038 1325 2093 Pius.

370 2110 444 2162 M.
484 2109 674 2164 Aurel.
704 2136 772 2155 ---
801 2109 875 2163 Μ.
914 2110 1191 2164 Aurelius,

371 2181 547 2235 Hadr.
577 2207 645 2227 =
676 2181 1013 2235 Hadrianus.

371 2252 528 2307 Pesc.
567 2252 700 2323 Nig.
730 2278 798 2298 --
826 2252 1168 2308 Pescennius
1204 2251 1399 2323 Niger.

372 2323 555 2379 Tacit.
585 2349 654 2369 =
683 2323 932 2378 Tacitus.

302 2394 494 2450 Senec.
548 2397 792 2448 controv.
822 2421 892 2441 =
919 2395 981 2449 L.
1018 2396 1283 2450 Annaeus
1341 2395 1554 2450 Seneca
1608 2396 1845 2466 (maior),
1901 2395 2338 2462 Controversiae,

445 2467 535 2520 ed.
572 2464 642 2519 H.
670 2465 719 2519 J.
749 2466 1006 2533 Mueller,
1028 2467 1397 2521 Vindobonae
1421 2473 1558 2522 1887
1565 2509 1575 2520 .
1606 2498 1676 2508 -
1705 2467 1859 2523 8000.
1887 2468 1930 2522 I.
1961 2468 2131 2537 (circa
2159 2486 2208 2522 a.
2228 2471 2337 2537 40).

303 2537 431 2593 8011.
462 2564 533 2584 ==
559 2537 620 2590 L.
658 2537 923 2593 Annaeus
963 2538 1176 2593 Seneca
1231 2539 1472 2609 (minor),
1528 2538 1616 2593 ed.
1652 2539 1858 2607 Haase,
1914 2539 2143 2610 Lipsiae
2201 2545 2340 2594 1874

446 2613 676 2663 -1878,
713 2640 786 2650 -
822 2608 978 2664 8000.
1014 2610 1056 2663 Ι.
1096 2609 1345 2679 (scripsit
1380 2626 1431 2664 a.
1470 2613 1719 2679 64-63).

373 2680 685 2804 deLbenef.
716 2706 784 2726 ==
812 2680 898 2735 Do
941 2680 1256 2748 beneficiis,
1311 2680 1351 2735 l.
1386 2698 1432 2736 0.
1488 2681 1557 2748 11,
1598 2689 1786 2750 lsqq.;
1844 2681 1915 2736 cf.
1972 2682 2059 2736 ed.
2114 2681 2340 2750 Hosius„

494 2752 516 2805 i
559 2750 675 2805 siae
720 2756 875 2806 1900.

372 2823 447 2877 de
484 2839 515 2877 0
541 2838 644 2877 em.
676 2849 744 2868 =
772 2822 857 2878 De
904 2822 1220 2891 clementia,
1274 2823 1311 2877 l.
1345 2841 1391 2878 0.
1429 2824 1470 2890 Ι,
1528 2829 1630 2878 276
1644 2842 1791 2893 sqq.;
1848 2825 1918 2879 cf.
1975 2826 2062 2880 ed.
2117 2825 2343 2895 Hosius,

445 2893 679 2964 Lipsiae
718 2899 873 2948 1900.

370 2982 526 3021 cons.
575 2965 664 3019 ad.
711 2964 983 3020 Marciam
1011 2993 1079 3012 -—-
1108 2966 1198 3020 Ad
1234 2966 1508 3021 Marciam
1566 2967 1635 3022 de
1691 2966 2091 3036 consolatione,
2146 2967 2184 3023 1.
2216 2986 2262 3023 0.
2299 2970 2343 3038 Ι,

450 3043 716 3106 111000.;
757 3036 828 3091 cf.
866 3038 952 3092 ed.
994 3037 1152 3092 Koch
1189 3042 1247 3092 et
1283 3038 1522 3106 Vahlen,
1558 3039 1809 3093 Berolini
1849 3044 2003 3095 1884.

371 3109 543 3179 epist.
574 3134 642 3154 -—-
671 3108 964 3178 Epistulae
1000 3108 1242 3163 morales
1280 3110 1355 3163 ad
1391 3110 1697 3178 Lucilium,
1735 3111 1772 3165 l.
1805 3127 1850 3165 0.
1889 3110 1981 3177 ῙΠ,
2032 3118 2223 3182 lsqq.;
2272 3112 2342 3167 cf.

446 3180 535 3234 ed.
573 3179 780 3247 Hense,
820 3179 1045 3249 Lipsiae
1084 3185 1239 3235 1898.

369 3251 614 3322 fgm.‘=
641 3251 1001 3321 Fragmenta,
1038 3251 1077 3306 1.
1108 3270 1154 3306 c.
1191 3252 1286 3318 HI,
1324 3258 1562 3321 418sqq.

367 3326 490 3379 nat.
530 3323 750 3391 quaest.
780 3349 850 3368 =
877 3322 1181 3377 Naturales
1220 3325 1597 3392 quaestiones,
1634 3324 1670 3379 1.
1703 3342 1749 3380 0.
1786 3325 1856 3391 11,
1899 3333 2000 3381 165
2011 3345 2132 3396 000.

298 3395 450 3450 Serv.
499 3395 578 3476 ad
616 3394 780 3463 Verg.
811 3420 880 3439 =
908 3393 1138 3448 Maurus
1188 3394 1410 3450 Servius
1447 3395 1784 3465 Honoratus,
1830 3398 1896 3452 In
1934 3399 2173 3469 Vergilii
2223 3416 2344 3454 car-

442 3483 604 3591 ming.
630 3465 1038 3591 cominventarii,
1068 3467 1155 3520 ed.
1185 3466 1350 3521 Thilo
1379 3471 1439 3521 et
1463 3468 1682 3538 Hagen,
1710 3468 1937 3538 Lipsiae
1968 3474 2338 3525 1881-1887.

445 3570 515 3579 -
597 3553 714 3592 000.
835 3579 847 3591 .
942 3579 953 3590 .
