2650 3917
807 138 933 192 GAJ
966 136 1222 192 INSTIT.
1260 138 1313 191 11
1352 143 1650 193 124—126.
1691 199 1701 212 ,
2117 136 2250 201 223

208 304 627 388 confitentur3
674 303 729 367 si
766 324 923 367 uero
962 306 1108 367 ante
1154 306 1426 367 mortem
1462 302 1667 386 patris
1705 302 2097 385 interceptus
2146 304 2251 386 sit,

206 415 393 475 posse
442 416 523 457 ex
576 394 965 457 testamento
1020 391 1479 456 hereditatem1
1534 390 1696 455 adiri
1751 396 2011 476 putant,
2065 391 2247 456 nullo

206 483 336 547 iam
402 482 541 546 filio
607 480 1097 566 impediment03
1164 481 1316 564 quia
1381 480 1624 545 seilicet
1689 481 2061 545 existimant
2122 502 2250 564 non

207 571 431 636 statim
478 571 559 635 a‘b
607 570 796 635 initio
843 570 1164 635 inutiliter
1209 570 1352 634 fieri
1398 574 1858 635 testamentum
1894 570 2032 635 filio
2070 593 2250 653 prae-

203 662 417 726 terito,
509 659 639 726 124,
690 658 948 724 Ceteras
995 682 1150 725 uero
1207 659 1557 724 liberorum
1613 681 1921 743 personas
1969 660 2025 724 si
2069 681 2249 742 prae·

203 750 459 815 terierit
494 752 785 832 testator,
813 748 990 814 ualet
1018 752 1501 813 testamentum:
1539 750 1649 814 sed
1673 750 2055 832 praeteritae
2085 749 2246 814 istae

205 861 517 925 personae
565 840 821 922 seriptis
868 838 1213 903 heredibus
1257 838 1326 901 in
1370 836 1378 923 Ι
1419 841 1667 921 partem
1728 838 2132 920 adcrescunt,
2191 838 2246 901 si
2284 830 2350 879 85

205 931 309 994 sui
353 928 621 993 heredes
670 928 818 1012 sint,
863 929 932 991 in
978 927 1260 1010 uirilem,
1308 928 1363 991 si
1411 928 1723 1010 extranei,
1775 928 1843 991 in
1890 927 2244 991 dimidiam:
2283 901 2324 952 ᾖ·
2356 917 2402 950 ⁵·

205 1019 273 1083 id
322 1022 438 1102 est,
503 1019 558 1081 si
605 1018 752 1100 quis
807 1020 938 1081 tres
994 1017 1179 1081 uerbi
1236 1017 1447 1101 gratia
1498 1017 1668 1081 filios
1733 1016 1997 1081 heredes
2063 1017 2246 1081 insti-

204 1108 406 1172 tuerit
445 1111 511 1172 et
544 1107 747 1171 filiam
783 1106 1204 1191 praeterierit,
1241 1107 1378 1170 filia
1415 1105 1838 1171 adoresoendo
1867 1128 1986 1190 pro
2017 1109 2248 1189 quarta

203 1200 390 1282 parte
435 1197 513 1260 fit
558 1195 744 1260 heres
792 1199 857 1260 et
903 1218 977 1260 ea
1023 1197 1272 1261 ratione
1319 1196 1387 1258 id
1442 1195 1890 1279 consequitur,
1946 1194 2119 1280 quod
2165 1194 2248 1258 ab

204 1288 512 1351 intestato
558 1289 741 1370 patre
787 1291 1026 1350 mortuo
1079 1284 1382 1349 habitura
1437 1288 1629 1369 esset3
1685 1289 1753 1349 at
1798 1284 1853 1348 si
1909 1288 2250 1350 extraneos

204 1377 317 1440 ille
362 1374 627 1439 heredes
692 1375 1048 1439 instituerit
1094 1378 1159 1439 et
1212 1373 1414 1437 filiam
1478 1375 1895 1458 praeterierit,
1959 1374 2096 1439 filia
2142 1373 2249 1437 ad-

206 1465 553 1530 eresoendo
600 1486 680 1528 ex
745 1464 1011 1528 dimidia
1056 1468 1238 1548 parte
1302 1464 1378 1528 fit
1440 1462 1684 1528 heres.²
1777 1486 1942 1547 quae
1990 1464 2067 1527 de
2112 1464 2252 1528 filia

206 1553 515 1638 diximus,
588 1553 809 1617 eadem
884 1557 947 1618 et
1011 1553 1087 1618 de
1150 1556 1386 1635 nepote
1452 1553 1656 1636 deque
1732 1553 2032 1617 omnibus
2103 1559 2253 1617 oete-

205 1643 303 1709 ris
320 1639 345 1678 ³
406 1642 757 1707 liberorum
828 1643 1120 1726 personis
1186 1663 1299 1706 seu
1373 1641 1713 1706 masculini
1779 1663 1891 1706 seu
1951 1643 2244 1723 feminini

204 1752 397 1797 sexus
456 1731 630 1796 diota
692 1731 1158 1817 intellegemus.
1249 1731 1378 1796 125.
1428 1729 1597 1807 Quid
1660 1753 1815 1815 ergo
1881 1731 2023 1796 est?
2097 1731 2255 1795 lieet

201 1822 326 1885 hae
382 1821 732 1885 seeundum
788 1842 888 1905 ea,
946 1842 1109 1904 quae
1174 1820 1481 1898 diximus,
1546 1820 1804 1904 seriptis
1869 1819 2246 1884 heredibus4

204 1910 538 1976 dimidiam
585 1912 834 1993 partem
889 1911 1083 1975 modo
1142 1907 1505 1992 detrahant,
1560 1912 1779 1973 tamen
1840 1912 2099 1992 praetor
2155 1909 2251 1973 eis

204 2003 432 2066 contra
477 1999 730 2064 tabulas
777 1999 1098 2072 bonorum
1156 1999 1630 2083 possessionem
1683 1998 2012 2082 promittit
2023 1994 2064 2082 5,
2120 2020 2253 2083 qua

200 2089 454 2154 ratione
519 2089 807 2153 extranei
869 2088 1134 2153 heredes
1200 2111 1237 2152 a
1301 2092 1442 2153 tota
1504 2087 1859 2152 hereditate
1927 2088 2247 2172 repellun-

201 2184 314 2243 tur
360 2181 424 2242 et
490 2178 863 2242 efficiuntur
917 2178 1056 2263 sine
1110 2199 1179 2241 re
1242 2177 1525 2242 heredes.
1617 2176 1744 2242 126.
1791 2176 1882 2240 Et
1936 2176 2061 2241 hoe
2106 2178 2250 2240 iure

200 2267 567 2350 utebamwr,
631 2268 814 2348 quasi
877 2266 1044 2331 nihil
1097 2267 1268 2331 inter
1332 2267 1603 2331 feminas
1658 2272 1724 2329 et
1787 2266 2105 2330 masculos
2152 2267 2252 2330 in-

199 2361 506 2441 teresset3
570 2355 680 2420 sed
738 2378 946 2441 nuper
1008 2358 1361 2439 imperator
1415 2357 1786 2420 Antoninus
1853 2356 2253 2441 significauit

201 2446 519 2529 rescripto
558 2443 742 2508 suas⁶
769 2467 901 2508 non
929 2444 1079 2528 plus
1115 2444 1402 2509 nancisei
1449 2445 1721 2508 feminas
1768 2468 1883 2528 per
1927 2446 2246 2509 bonorum

200 2535 694 2620 possessionem,
742 2555 935 2618 quam
984 2531 1191 2618 quod⁷
1236 2535 1375 2598 iure
1432 2534 1839 2599 adoresoendi
1896 2556 2248 2617 conseque-

200 2628 445 2689 rentur.
540 2622 711 2707 quod
759 2625 829 2686 in
873 2623 1418 2706 emancipatarum
1467 2644 1724 2708 quoque
1770 2621 2099 2707 personis8
2137 2623 2245 2687 ob-

201 2713 590 2778 seruandum
648 2716 774 2797 est,
829 2710 939 2776 ut⁹
983 2714 1292 2777 nimbrum
1338 2712 1456 2776 hae
1508 2733 1766 2795 quoque,
1820 2713 1987 2795 quod
2030 2712 2243 2776 adore-

350 2926 403 2994 1)
448 2924 713 2979 heredem
766 2924 833 2978 V.
1061 2925 1113 2991 2)
1160 2922 1319 2977 heret
1372 2923 1442 2977 V.
1688 2926 1740 2993 3)
1779 2924 2115 2978 addidimus.
2171 2925 2248 2991 cf.

204 3003 237 3064 ξ
279 3001 400 3050 124.
441 3000 561 3049 128.
602 3000 720 3049 131.
867 2998 922 3065 4)
959 2994 1262 3048 heredibus
1313 2996 1378 3050 in
1414 2994 1467 3048 V
1523 2996 1721 3066 ἱεράων
1765 3002 1897 3063 post
1949 2995 2132 3048 modo,

202 3071 258 3136 5)
297 3066 653 3137 promittitur
689 3067 755 3121 V.
939 3069 991 3135 6)
1031 3082 1160 3119 suas
1198 3067 1319 3121 Hu.
1377 3082 1477 3120 suo
1515 3066 1582 3121 V.
1767 3068 1818 3135 7)
1857 3082 2028 3134 quam
2065 3067 2240 3137 quod]

201 3140 531 3210 quodquam
542 3138 671 3265 PVV.
818 3140 872 3207 8)
908 3137 1162 3207 personis
1200 3138 1391 3193 Polen.
1446 3153 1687 3206 persona
1723 3137 1790 3191 V.
1965 3141 2017 3207 9)
2056 3140 2143 3192 est
2177 3143 2242 3191 ut

203 3213 326 3266 Ην..
383 3212 531 3264 esset
621 3251 633 3263 .

350 3394 380 3454 ξ
421 3393 539 3441 124.
596 3390 667 3456 cf.
729 3389 843 3444 Gai
894 3389 1020 3456 epit.
1061 3393 1111 3455 2,
1142 3391 1192 3455 3,
1224 3394 1270 3441 1.
1359 3388 1479 3457 Ulp.
1519 3393 1606 3455 22,
1637 3394 1719 3442 17.
1793 3390 1961 3444 Paul.
2002 3395 2052 3457 3,
2081 3388 2160 3456 4¹³,
2189 3394 2246 3443 8.

203 3463 251 3515 I.
295 3466 346 3528 2,
378 3465 443 3514 13
463 3477 556 3529 pr.
613 3461 755 3515 Nov.
797 3461 1007 3514 Maior.
1048 3465 1098 3526 6,
1129 3465 1177 3513 3.
1234 3459 1358 3513 Lex
1395 3461 1552 3514 Rom.
1592 3461 1890 3531 Buryund.
1928 3467 2016 3528 45,
2046 3466 2095 3513 4.

350 3537 380 3597 ς
420 3537 537 3585 126.
595 3533 665 3599 ef.
707 3532 763 3587 0.
804 3537 854 3599 6,
884 3535 971 3598 28,
999 3536 1032 3583 4
1072 3533 1145 3599 (a.
1184 3533 1327 3600 531).
