2650 3917
372 188 494 253 118
694 188 794 243 AD
834 188 1014 244 GAIV
1016 189 1076 242 M
1114 187 1472 243 PRAEFAT.
1509 187 1857 243 HVSCHKH
1891 187 2005 242 ΕΙ).
2042 188 2084 242 Ι.

364 358 671 418 consulem
718 361 958 418 tantum
1003 359 1311 417 nominare
1358 357 1455 417 vel
1498 360 1862 433 praetorem,
1909 356 2076 417 cuius
2121 357 2409 434 pleraque

363 448 560 507 edicta
604 448 927 523 proconsul
970 448 1282 523 receperat
1332 439 1482 527 (Cic.
1529 446 1609 505 ad
1654 446 1841 505 Attic.
1882 448 1940 520 6,
1972 450 2004 505 1
2048 444 2088 521 ἓ
2121 438 2253 528 15),
2299 448 2410 506 mi-

362 536 486 596 rari
537 549 663 597 non
716 537 874 596 licet.
966 537 1056 595 De
1105 535 1510 612 Bithynorum
1565 554 1708 594 vero
1765 538 1827 595 et
1872 533 2223 595 Galatarum
2277 538 2410 596 iure

365 629 439 688 ut
487 625 672 686 Gaius
717 628 845 702 ipse
892 625 1075 686 verba
1121 625 1332 684 fecerit
1376 643 1484 684 nec
1529 626 1796 700 tantum,
1841 626 1913 684 ut
1957 625 2110 684 mihi
2162 644 2411 701 persua·

363 733 496 774 sum
534 718 643 790 est,
671 715 967 774 Hadriani
1001 714 1293 788 retulerit,
1338 734 1487 773 num
1513 714 1672 774 forte
1699 716 1886 773 etiam
1912 713 2143 773 Titium
2170 714 2410 774 Aristo-

361 823 497 862 nem
523 804 764 875 idcirco,
801 805 961 879 quod
990 804 1431 882 Aegyptiorum
1468 803 1561 862 ius
1599 805 1771 862 novit
1810 805 1872 862 et
1915 806 2411 864 commemoravit

363 891 537 965 (Gell.
579 897 681 968 11,
715 886 846 973 18),
891 894 1261 972 Aegyptium
1299 893 1396 951 vel
1444 895 1607 951 certe
1654 892 2009 952 orientalem
2054 894 2239 952 fuisse
2286 891 2409 953 sta'·

362 985 530 1041 tuere
602 979 926 1041 debemus?
998 983 1355 1058 praesertim
1427 1000 1568 1041 cum
1643 983 1873 1040 certum
1937 984 2018 1040 sit
2091 982 2412 1058 plerosque

362 1071 662 1130 Romanos
709 1071 895 1130 etiam
939 1068 1117 1130 IGtos
1161 1073 1259 1130 ius
1303 1072 1691 1149 peregrinum
1736 1072 1966 1130 curiose
2021 1070 2410 1146 inquisivisse

363 1152 539 1240 (Geli.
602 1162 704 1232 20,
745 1164 800 1233 1,
841 1161 882 1218 4
951 1154 1164 1239 [supra
1227 1180 1284 1236 p.
1326 1153 1460 1239 98].
1536 1159 1631 1218 Fr.
1687 1158 1921 1219 Dosith.
1966 1157 2096 1236 12).
2191 1157 2407 1219 Cetera

362 1248 714 1308 Mommseni
770 1252 1126 1327 argumenta
1173 1252 1280 1309 aut
1322 1249 1553 1308 leviora
1598 1251 1740 1308 sunt
1785 1250 1895 1307 aut
1955 1249 2274 1325 eiusmodi,
2340 1252 2412 1309 ut

360 1339 543 1396 etiam
582 1338 718 1397 aliis
756 1338 1139 1414 opinionibus
1171 1336 1482 1397 firmandis
1512 1338 1803 1398 inservire
1839 1338 2090 1414 possint,
2119 1357 2304 1414 quare
2336 1358 2410 1398 ea

360 1427 601 1485 interim
639 1429 823 1487 missa
860 1428 1053 1486 facere
1090 1427 1288 1486 liceat.
1380 1426 1510 1486 Hoc
1554 1446 1695 1486 vero
1736 1445 1984 1502 quaerot
2023 1426 2408 1502 quamobrem

361 1518 426 1573 in
463 1514 575 1590 his,
606 1516 820 1591 quibus
857 1518 1040 1591 locus,
1077 1515 1183 1574 ubi
1220 1517 1355 1592 quis
1393 1515 1618 1590 scribit,
1659 1518 1883 1592 optime
1920 1516 2198 1593 cognosci
2233 1517 2407 1591 solet,

358 1605 511 1663 nihil
552 1608 887 1682 reperiatur
923 1608 988 1663 in
1019 1603 1135 1663 Gai
1170 1607 1429 1681 scriptis,
1470 1605 1630 1681 quod
1659 1603 1870 1664 Asiam
1906 1604 2164 1681 prodat?
2210 1605 2404 1666 Immo

360 1695 509 1754 haec
570 1695 648 1755 ad
707 1694 953 1755 Italiam
1000 1694 1370 1770 Romamque
1428 1712 1537 1754 nos
1597 1694 1896 1773 delegant.
1987 1695 2060 1754 In
2119 1695 2407 1771 exemplis

360 1784 775 1843 condicionum
820 1785 974 1843 hanc
1009 1785 1216 1860 ponitt
1261 1779 1340 1843 ‘si
1383 1785 1556 1843 navis
1595 1803 1667 1842 ex
1702 1783 1851 1843 Asia
1896 1779 2148 1843 venerit’
2190 1775 2287 1864 (L.
2306 1783 2402 1844 ‘33

358 1873 430 1930 D.
480 1872 552 1932 de
598 1873 795 1932 hered.
834 1872 973 1932 inst.
1006 1873 1109 1948 28,
1140 1874 1176 1932 5
1218 1891 1303 1931 ex.
1345 1872 1446 1931 lib.
1476 1871 1540 1931 Π
1577 1872 1649 1932 de
1695 1875 1932 1933 testam.
1974 1873 2050 1932 ad
2086 1871 2176 1933 ed.
2214 1876 2405 1949 praet.

359 1961 508 2035 urb.,
552 1962 619 2022 L.
673 1965 751 2022 72
811 1962 883 2020 D.
952 1962 1023 2020 de
1067 1961 1223 2021 fidei.
1272 1964 1443 2037 46,1
1516 1982 1587 2020 ex
1631 1962 1735 2022 lib.
1775 1963 1869 2022 ΙΠ
1912 1961 1987 2021 de
2032 1962 2106 2021 V.
2152 1953 2251 2044 O.)
2323 1994 2403 2004 -—

361 2052 513 2110 miro
578 2052 774 2125 modo,
837 2054 892 2111 si
945 2051 1175 2110 Troade
1238 2052 1390 2110 haec
1452 2051 1719 2127 scripsit:
1783 2053 1931 2111 item
1979 2047 2055 2111 ‘si
2116 2052 2291 2112 navis
2336 2071 2408 2112 ex

361 2139 571 2199 Africa
618 2136 872 2200 venerit'
923 2143 985 2199 et
1026 2141 1185 2199 hanc
1228 2142 1512 2216 speciemz
1561 2135 1637 2199 ‘si
1682 2144 1841 2201 inter
1886 2159 1984 2201 eos
2034 2142 2138 2216 qui
2179 2141 2407 2200 Romae

361 2222 511 2304 (non
560 2222 820 2309 Troade)
870 2233 1029 2303 sunt,
1076 2228 1220 2287 talis
1264 2229 1374 2287 fiat
1420 2229 1759 2306 stipulatio:
1811 2230 2004 2289 Hodie
2053 2230 2410 2304 Carthayim

361 2319 507 2376 dare
551 2314 865 2393 spondes?
918 2312 1013 2399 (L.
1057 2321 1180 2377 141
1232 2316 1314 2393 ἐξ
1359 2321 1423 2393 73
1464 2321 1503 2376 4
1552 2319 1684 2378 coll.
1730 2318 1796 2377 L.
1839 2321 1919 2379 73
1967 2340 2056 2396 pr.
2103 2318 2177 2378 de
2222 2318 2297 2378 V.
2338 2317 2408 2379 O.

359 2408 464 2480 45,
507 2411 539 2466 1
612 2427 682 2466 ex
729 2408 832 2466 lib.
875 2407 940 2466 H
1002 2407 1077 2466 de
1121 2405 1194 2465 V.
1235 2400 1334 2489 O.)
1401 2409 1462 2466 et
1518 2402 1595 2467 ‘si
1638 2409 1717 2485 is,
1776 2409 1881 2484 qui
1933 2410 2025 2468 ita
2079 2409 2411 2491 stipulatus·

358 2497 569 2555 fuerit:
628 2497 694 2555 X
732 2496 906 2556 milia
962 2497 1187 2570 Ephesi
1241 2497 1387 2556 darc
1438 2497 1730 2570 spondes?
1767 2543 1780 2557 .
1822 2543 1834 2556 .
1876 2544 1887 2556 .
1928 2543 1941 2556 .
1978 2498 2203 2557 Romae
2256 2517 2410 2574 pure

358 2585 444 2644 sic
490 2580 843 2647 intenderit'
888 2578 978 2666 (4,
1011 2578 1142 2667 53).
1235 2585 1530 2645 Similiter
1581 2588 1646 2644 in
1701 2587 1984 2663 exemplis
2038 2589 2096 2646 ei
2149 2589 2293 2646 sunt
2348 2591 2412 2648 et

356 2675 418 2732 in
467 2675 617 2750 ipsis
668 2675 912 2751 quidem
960 2677 1144 2733 etiam
1193 2675 1268 2733 ad
1316 2674 1578 2733 edictum
1632 2675 1998 2751 provinciale
2054 2675 2225 2737 libris
2272 2677 2410 2736 fun·

357 2762 466 2821 dus
497 2763 893 2840 Tusculanus,
930 2765 1140 2823 vinum
1168 2762 1562 2840 Campanum,
1598 2766 1873 2824 triticum
1899 2765 2192 2840 Africum,
2220 2766 2411 2842 Tyria

358 2871 628 2928 purpura
675 2846 887 2934 (quam
932 2872 1048 2913 usu
1100 2855 1302 2930 potius
1352 2853 1685 2912 Romanam
1741 2846 1987 2935 dixeris)
2053 2846 2149 2935 (L.
2201 2858 2284 2915 74
2334 2857 2411 2916 D.

357 2940 430 2999 de
476 2941 548 2999 V.
598 2938 665 3000 O.
715 2943 820 3015 45,
854 2945 908 3001 1.
973 2941 1039 3000 L.
1091 2945 1172 3001 17
1203 2962 1290 3018 pr.
1345 2943 1417 3002 D.
1474 2942 1547 3001 de
1613 2943 1837 3002 condic.
1894 2945 1955 3003 et
2018 2943 2168 3004 dem.
2211 2945 2316 3020 35,
2351 2950 2408 3004 1.

356 3029 502 3088 Inst.
545 3032 603 3103 4,
635 3023 748 3110 53)
797 3033 857 3090 et
902 3032 1029 3107 ipse
1068 3050 1105 3089 a
1149 3033 1429 3108 praetore
1477 3023 1627 3113 (non
1663 3051 1702 3091 a
1746 3025 2125 3114 proconsule)
2174 3035 2411 3094 cautio-

356 3137 493 3177 nem
558 3122 766 3195 petens
832 3118 899 3177 L.
953 3123 1029 3178 11
1092 3119 1165 3180 D.
1230 3123 1301 3178 ut
1364 3120 1480 3198 leg.
1530 3122 1634 3195 36,
1664 3123 1722 3180 3.
1816 3121 2042 3191 Quibus
2107 3125 2413 3200 convenit,

361 3207 539 3284 quod,
586 3227 703 3283 quo
742 3207 838 3267 die
886 3209 1113 3268 Romae
1162 3202 1309 3289 (non
1347 3209 1413 3267 in
1458 3203 1814 3291 provinciis)
1860 3215 2005 3271 vota
2051 3229 2162 3287 pro
2209 3212 2415 3272 salute

356 3299 738 3373 imperatoris
806 3300 1228 3374 suscipiantur,
1291 3300 1539 3374 exponit
1590 3291 1690 3381 (L.
1741 3302 1866 3360 233
1915 3298 1955 3375 ἓ
1997 3304 2029 3359 1
2090 3300 2163 3359 D.
2211 3299 2286 3359 de
2334 3302 2416 3362 V.

360 3385 418 3444 S.
462 3387 565 3459 50,
598 3377 740 3465 16),
797 3387 958 3463 quod
1014 3387 1198 3446 etiam
1243 3387 1309 3446 in
1363 3387 1535 3447 libris
1583 3388 1661 3447 ad
1716 3388 1981 3448 edictum
2033 3390 2417 3466 provinciale

357 3475 433 3533 ab
483 3475 596 3549 his,
644 3494 797 3550 quae
844 3475 1071 3536 Romae
1127 3479 1285 3551 sunt,
1345 3475 1424 3536 ad
1467 3477 1550 3551 id,
1607 3477 1766 3553 quod
1810 3478 1873 3536 in
1928 3478 2257 3555 provinciis
2306 3480 2419 3541 ob-

355 3566 530 3639 tinet,
595 3564 864 3640 procedit
910 3559 1004 3646 (L.
1050 3570 1082 3625 1
1115 3587 1205 3643 pr.
1252 3566 1326 3625 D.
1374 3566 1537 3643 quod
1583 3566 1808 3642 cuiusq.
1854 3571 2020 3629 univ.
2069 3569 2128 3643 3,
2158 3569 2219 3627 4.
2266 3569 2337 3628 L.
2375 3574 2418 3633 5
