2650 3917
921 166 1047 221 GM
1081 165 1338 221 INSTIT.
1375 166 1402 220 1
1440 172 1666 220 75—77.
2165 165 2289 231 161

253 334 412 398 bare
470 332 707 416 possit,
754 331 1117 415 quaesitum
1165 334 1278 394 est.
1320 327 1332 417 Ι
1621 354 1711 393 vv.
1746 333 1832 414 12}
2122 329 2130 413 Ι
2170 329 2295 394 hoc

255 422 319 487 ei
364 419 731 506 specialiter
768 441 1145 486 concessum
1174 423 1288 484 est.
1364 419 1475 483 sed
1503 440 1653 484 cum
1679 418 2060 505 peregrinus
2087 420 2295 484 ciuem

256 510 622 577 Romanam
658 530 925 574 uxorem
966 508 1252 573 duxisset
1289 512 1356 572 et
1389 508 1528 573 filio
1564 513 1719 573 nato
1758 508 1918 573 alias
1965 508 2293 574 ciuitatem

256 599 620 666 Romanam
675 601 1060 664 consecutus
1116 602 1308 679 esset,
1373 597 1601 662 deinde
1655 619 1802 662 cum
1867 602 2296 682 quaereretur,

257 711 344 756 an
389 710 649 754 causam
695 687 970 772 probare
1020 692 1268 771 posset,
1312 686 1646 771 rescripsit
1701 686 2051 771 imperator
2093 685 2295 752 Anto-

258 780 453 844 m‘nus
516 777 789 862 proinde
852 797 1045 860 posse
1098 798 1245 841 eum
1310 797 1567 841 causam
1630 775 1923 861 probare,
1985 780 2179 860 atque
2240 776 2295 841 si

256 867 639 954 peregrinus
686 867 1045 930 mansisset.
1138 886 1216 930 ex
1263 887 1391 949 quo
1450 865 1825 969 colligimus
1874 867 2068 930 etiam
2121 887 2298 949 pere-

261 959 522 1044 grinum
570 976 828 1019 causam
874 954 1150 1058 probare
1178 975 1402 1056 ..posse
1495 954 1586 1019 75.
1633 953 1738 1018 Ex
1782 954 1882 1037 iis,
1927 976 2090 1039 quae
2137 955 2298 1018 dixi-

259 1068 431 1129 mus,
495 1048 788 1129 apparet,
837 1044 1000 1108 siue
1064 1044 1229 1108 ciuis
1290 1042 1622 1107 Romanus
1688 1044 2096 1130 peregrinam
2159 1044 2298 1108 siue

258 1135 642 1221 peregrinus
688 1134 896 1198 ciuem
942 1131 1300 1198 Romanam
1347 1154 1613 1198 uxorem
1662 1132 1945 1215 duxerit,
1991 1155 2137 1197 eum
2186 1132 2297 1217 qui

257 1225 551 1289 nascitur
594 1221 1009 1309 peregrinum
1056 1241 1205 1301 esse,
1258 1222 1371 1287 sed
1423 1222 1480 1286 si
1535 1221 1793 1304 quidem
1850 1244 1966 1306 per
2019 1242 2299 1288 errorem

257 1313 389 1379 tale
437 1312 919 1378 matrimonium
968 1314 1374 1376 contractum
1420 1310 1633 1394 fuerit,
1683 1311 2009 1376 emendari
2061 1311 2298 1376 uitium

258 1405 398 1468 eius
445 1424 525 1467 ex
572 1404 831 1467 senatus
875 1400 1172 1466 consulto
1187 1397 1211 1436 ¹
1245 1397 1617 1465 ,3Μάαωῖ
1653 1422 1745 1484 ea,
1792 1422 1954 1484 quae
2002 1401 2297 1484 superius

260 1491 566 1558 diximus.
660 1489 716 1555 si
744 1511 899 1555 uero
935 1489 1157 1554 nullus
1195 1510 1374 1554 error
1408 1490 1846 1571 interuenerit,
1880 1490 1992 1555 sed
2025 1491 2298 1555 scientes

260 1603 444 1646 suam
493 1579 937 1646 condicionem
983 1578 1076 1642 ita
1121 1578 1421 1661 coierint,
1479 1577 1661 1643 nullo
1718 1600 1870 1643 casu
1924 1579 2300 1644 emendatur

258 1670 499 1736 uitium
545 1669 685 1733 eius
732 1667 1145 1733 matrimonii.

399 1775 492 1842 76.
539 1774 903 1860 Loquimur
948 1778 1165 1839 autem
1207 1774 1283 1838 de
1327 1774 1433 1840 his
1481 1774 1747 1858 scilicet,
1787 1775 1952 1839 inter
1996 1794 2158 1858 quos
2197 1796 2298 1840 co-

257 1866 535 1931 nubium
580 1885 716 1929 non
762 1865 874 1948 sit3
919 1885 1070 1928 nam
1116 1862 1406 1948 alioquin
1453 1864 1509 1927 si
1554 1864 1715 1927 ciuis
1750 1863 2079 1929 Romanus
2124 1884 2298 1948 pere-

260 1957 537 2042 grinam,
605 1976 752 2019 cum
805 1975 933 2037 qua
978 1952 1038 2017 ei
1102 1952 1451 2016 conubium
1507 1956 1634 2037 est,
1696 1974 1962 2018 uxorem
2028 1952 2300 2038 duxerit,

261 2045 435 2111 sicut
473 2065 668 2126 supra
707 2063 965 2127 quoque
1011 2041 1311 2124 diximu8‚
1356 2042 1599 2106 iustum
1635 2041 2115 2107 matrimonium
2153 2063 2300 2106 con-

260 2129 598 2216 trahitur⁸,
646 2136 711 2197 et
766 2136 923 2197 tunc
969 2153 1048 2195 ex
1101 2130 1183 2195 iis
1241 2131 1370 2216 qui
1400 2131 1714 2215 nascitur,
1761 2131 1921 2195 ciuis
1967 2129 2299 2195 Romanus

262 2226 364 2288 est
414 2226 480 2286 et
523 2222 592 2285 in
639 2224 960 2305 potestate
1010 2220 1215 2304 patris
1263 2220 1401 2285 erit.
1494 2220 1587 2285 77.
1634 2217 1828 2285 Item4
1874 2220 1928 2284 si
1966 2218 2129 2284 ciuis
2175 2218 2302 2285 Ro-

261 2334 455 2379 mana
498 2310 871 2435 peregrino,
929 2331 1077 2375 cum
1124 2330 1252 2394 quo
1301 2310 1360 2373 ei
1417 2308 1766 2374 conubium
1813 2312 1938 2392 est,
1993 2310 2301 2394 nupserit,

261 2421 645 2487 peregi-mus
745 2419 898 2463 sane
958 2401 1338 2483 procreatur
1392 2402 1455 2463 et
1509 2398 1565 2462 is
1611 2398 1819 2462 iustus
1875 2399 2080 2483 patris
2127 2399 2299 2464 filius

263 2494 382 2574 est,
444 2494 775 2572 tamquam
823 2487 878 2553 si
925 2509 1005 2551 ex
1058 2486 1400 2573 peregrina
1447 2508 1591 2551 eum
1646 2492 2062 2571 procreasset.
2112 2487 2121 2574 Ι
2173 2487 2300 2553 hoc
2338 2500 2403 2547 21

261 2584 484 2645 tamen
528 2583 820 2662 tempore
866 2598 899 2642 e
942 2580 1202 2642 senatus
1249 2575 1576 2659 consulto,
1623 2576 1794 2660 quod
1841 2581 2101 2641 auctore
2147 2576 2298 2642 diuo

263 2667 599 2733 Hadriano
647 2665 1080 2731 sacratissimo
1093 2664 1119 2703 θ
1161 2665 1407 2731 factum
1456 2669 1570 2751 est,
1615 2665 1868 2731 etiamsi
1927 2688 2059 2730 non
2103 2664 2301 2730 fuerit

263 2756 616 2824 conubium
671 2756 841 2821 inter
898 2755 1104 2819 ciuem
1157 2754 1513 2819 Romanam
1573 2758 1638 2817 et
1692 2756 2127 2839 peregrinum,
2185 2755 2301 2838 qui

412 2953 467 3021 1)
504 2951 736 3004 senatus
773 2947 1030 3003 consulto
1076 2947 1342 3018 Krueqer.
1396 2962 1427 3001 c
1449 2946 1511 3001 V.
1731 2950 1784 3016 2)
1821 2946 1843 3000 1
1882 2945 1947 3001 V.
2001 2947 2070 3012 cf.
2110 2963 2284 3018 apoyr

256 3039 316 3095 Ρ.
348 3027 461 3079 300
497 3023 651 3077 1.16.
799 3022 855 3090 3)
891 3018 1242 3074 contrahitur
1279 3019 1474 3089 Krueq
1473 3035 1547 3085 er,
1584 3018 1879 3073 Polenaar.
1940 3017 2195 3072 contrahi
2217 2965 2298 3072 V.

265 3097 349 3178 4)
357 3095 594 3162 itaque?
629 3092 695 3147 V.
860 3093 914 3150 ὅ)
950 3089 1206 3160 nupserit
1258 3107 1298 3159 p
1523 3090 1614 3159 us]
1652 3089 1909 3159 nupserit
1939 3090 1947 3158 Ι
1980 3088 2088 3143 erit
2142 3105 2300 3158 pere-

264 3166 494 3238 grinum
531 3164 599 3219 V.
717 3165 771 3233 6)
810 3162 921 3216 sV.
978 3108 1067 3229 cfip
1091 3162 1147 3216 Ο.
1177 3161 1225 3215 Ι.
1257 3161 1326 3216 L.
1300 3104 1546 3215 affl.
1587 3165 1726 3215 5833
1766 3163 1854 3230 (-—-
1884 3161 2105 3215 Dessau
2143 3166 2299 3216 6472.

268 3240 447 3308 1059).
511 3253 688 3306 supra
714 3253 775 3306 Ρ.
810 3238 912 3289 154
948 3250 1004 3287 n.
1036 3239 1085 3287 2.

410 3423 443 3484 ξ
484 3416 695 3482 ¹¹15.cf.
732 3430 909 3484 supra
947 3417 995 3479 1,
1027 3416 1134 3465 68..

411 3493 570 3555 576.
624 3487 1111 3556 cfisupra1‚5.6

411 3564 568 3626 §77
624 3558 1093 3625 cfimfra192
1154 3554 1281 3609 Liv.
1321 3558 1568 3621 23,,.26
1608 3558 1810 3623 8131,
1842 3559 1923 3609 11.
1966 3559 2243 3623 333.5,5

372 3659 585 3701 Ivnxsrn.
614 3668 764 3699 ,ut-rm
802 3653 1447 3696 nn.sock01·Kuble1-.1.
1686 3663 1693 3670 ·
1916 3650 1979 3698 11
