2650 3917
828 142 957 197 GAI
989 142 1246 196 INSTIT.
1283 142 1335 195 Π
1373 147 1671 196 132—134.
2137 143 2268 208 225

223 311 555 388 postumus
591 313 705 371 aut
734 313 1028 389 postuma
1067 307 1462 390 sperabatur,
1508 306 1800 371 abortum
1832 308 2061 387 feeerit,
2106 308 2271 372 nihil

235 396 676 477 impedimento
713 402 803 461 est
834 397 1085 479 semptis
1119 396 1444 461 heredibus
1478 397 1568 460 ad
1600 396 1997 460 hereditatem
2035 397 2271 461 adeun-

237 485 405 549 dam.
495 485 623 550 132.
671 484 800 550 Sed
856 487 1158 566 feminini
1222 486 1481 570 quidem
1547 507 1737 549 sexus
1800 507 2109 568 personae
2172 487 2271 551 uel

233 576 621 639 nominatim
683 575 783 640 uel
852 577 1026 639 inter
1090 580 1330 641 eeteros
1392 574 1756 640 exheredari
1827 575 2043 654 solent,
2119 577 2268 640 dam

237 670 466 747 tamen,
509 665 571 729 si
619 666 779 730 inter
823 670 1046 730 eeteros
1089 665 1544 743 exheredentur,
1592 664 1841 746 aliquid
1884 667 1972 730 eis
2026 665 2267 747 leyetur‚

233 774 311 817 ne
354 753 695 819 uideantur
727 774 848 835 per
891 754 1269 820 obliuionem
1311 755 1694 838 praeteritae
1732 774 1887 819 esse:
1934 755 2270 819 maseatini

232 863 380 908 uero
425 863 608 908 sexus
659 843 990 908 liberorum
1032 864 1335 925 personas
1391 845 1639 928 placuit
1685 865 1817 908 non
1872 843 2057 909 aliter
2101 848 2269 908 recte
2308 901 2374 950 87

234 931 630 1011 exheredari,
676 934 836 998 nisi¹
895 953 976 997 no
983 930 1291 998 minatim
1357 933 1815 1013 epher-edentur,
1873 934 1984 997 hoe
2045 933 2274 998 scilieet
2306 971 2348 1022 t
2378 986 2420 1022 s

232 1023 413 1087 WOdO
492 1045 833 1093 QVIOVMQVE
892 1047 1038 1086 MIHI
1097 1046 1298 1086 FILIVS
1370 1046 1624 1087 GENJTVS
1686 1046 1906 1086 FVERH'
1969 1038 2270 1087 EXHERES

232 1127 429 1175 ESTO.
915 1151 950 1156 —
977 1136 1067 1175 vv.
1102 1115 1188 1195 93-
1229 1152 1621 1165 r—--—-——
1651 1109 1677 1147 ²
1773 1112 1898 1177 133.
1946 1111 2270 1177 Postumo-

228 1222 378 1264 rum
424 1206 631 1265 antem
689 1199 816 1265 loeo
869 1207 1015 1265 sunt
1060 1207 1118 1265 et
1158 1201 1252 1281 hi,
1312 1202 1424 1284 qai
1485 1202 1554 1266 in
1611 1203 1715 1266 sui
1771 1201 2014 1267 heredis
2071 1202 2270 1266 laeum

230 1290 602 1354 succedendo
647 1292 832 1371 quasi
868 1291 1299 1373 adynaseendo
1334 1291 1500 1374 fiant
1530 1290 1911 1373 parentibus
1954 1292 2055 1355 sui
2091 1290 2269 1354 here-

234 1379 372 1444 des:
420 1382 495 1442 ut
555 1400 701 1445 ecoe
757 1381 814 1444 si
876 1380 1083 1444 filium
1129 1384 1194 1445 et
1239 1402 1313 1445 ex
1359 1401 1424 1445 eo
1487 1387 1761 1462 nepotem
1824 1385 2155 1464 neptemue
2199 1382 2270 1444 in

229 1473 533 1553 potestate
583 1469 869 1548 habeam,
924 1473 1078 1552 quia
1130 1470 1306 1552 filins
1348 1470 1556 1551 ,qradn
1597 1471 1944 1552 praecedit,
2003 1473 2062 1535 is
2104 1470 2271 1535 solus

231 1559 383 1622 iura
427 1560 530 1622 sui
573 1558 817 1624 heredis
860 1559 1054 1642 habet,
1099 1561 1395 1641 quamuis
1428 1579 1616 1641 nepos
1658 1581 1905 1642 quoque
1948 1562 2012 1623 et
2055 1559 2268 1642 neptis

236 1667 317 1712 ex
363 1667 428 1711 eo
474 1649 547 1711 in
610 1649 824 1713 eadem
873 1654 1172 1730 potestate
1216 1650 1376 1725 sint‚·
1442 1649 1551 1713 sed
1600 1650 1660 1713 si
1720 1649 1896 1732 filius
1955 1669 2128 1713 meas
2177 1670 2271 1713 me

228 1738 383 1801 uiuo
443 1739 754 1802 moriatur
815 1743 929 1801 aut
979 1738 1251 1818 qualibet
1307 1738 1445 1801 alia
1506 1741 1750 1802 ratione
1802 1743 1979 1803 exeat
2035 1738 2110 1802 de
2156 1759 2270 1819 po·

233 1831 447 1891 testate
492 1847 647 1905 mea,
693 1828 922 1908 incipit
964 1847 1149 1908 nepos
1202 1829 1482 1909 neptisue
1524 1829 1598 1891 in
1643 1829 1776 1891 eius
1830 1827 2027 1892 locum
2071 1847 2271 1892 suece-

232 1916 393 1998 dere,
431 1921 487 1980 et
513 1937 589 1979 eo
629 1915 816 1980 modo
857 1916 996 1980 iura
1033 1938 1294 1981 suorum
1332 1915 1629 1981 heredum
1664 1918 1850 1998 quasi
1887 1916 2269 1998 adynatione

231 2006 709 2070 nanciscuntur.
799 2004 928 2069 134.
976 2003 1044 2070 N
1045 2028 1079 2070 e
1126 2027 1277 2091 ergo
1338 2027 1413 2070 eo
1470 2005 1663 2070 modo
1719 2008 2055 2089 rumpatur
2110 2006 2271 2069 mihi

230 2098 701 2173 testamentum,
747 2096 909 2158 sieut
951 2096 1157 2176 ipsum
1202 2095 1408 2177 filium
1454 2095 1554 2159 uel
1597 2095 1877 2159 heredem
1930 2096 2270 2159 instituere

231 2182 342 2247 uel
404 2181 826 2248 exheredare³
873 2183 1091 2268 debeo,
1148 2206 1232 2249 ne
1276 2206 1401 2249 non
1448 2186 1586 2249 iwre
1643 2186 1886 2266 faciam
1951 2190 2270 2249 testamen-

232 2279 393 2351 tum,
441 2274 536 2337 ita
580 2278 637 2337 et
679 2277 976 2356 nepotem
1020 2277 1363 2357 neptemue
1410 2296 1488 2337 ex
1535 2296 1609 2339 eo
1662 2295 1919 2339 necesse
1967 2278 2065 2339 est
2106 2274 2270 2337 mihi

230 2359 377 2425 uel4
412 2362 692 2427 heredem
736 2364 1058 2428 instituere
1098 2364 1195 2428 uel
1239 2364 1624 2447 exheredare,
1669 2384 1748 2428 ne
1778 2364 1955 2446 forte,
1991 2385 2087 2428 me
2121 2365 2270 2428 uiuo

228 2451 368 2535 filio
414 2457 670 2535 mortue,
727 2452 1097 2518 succedendo
1144 2454 1214 2517 in
1259 2454 1457 2518 locam
1505 2454 1637 2519 eius
1689 2474 1876 2536 nepos
1929 2454 2206 2536 neptisae
2255 2437 2376 2557 '138

235 2541 423 2625 quasi
458 2541 844 2628 adgnatione
881 2545 1139 2627 rumpat
1165 2545 1642 2608 testamentum:
1672 2543 1866 2627 idque
1902 2543 2045 2627 lege
2081 2507 2330 2606 Iunia*

381 2700 432 2767 1)
468 2697 581 2753 nisi
619 2700 759 2754 Inst.
816 2715 989 2768 quam
1041 2699 1089 2753 si
1127 2701 1325 2755 Eisele.
1508 2703 1560 2770 2)
1600 2702 1664 2755 de
1712 2701 1917 2755 lacuna
1961 2701 2272 2768 supplenda

232 2772 306 2839 ef.
350 2770 464 2825 Gai
498 2771 625 2840 epit.
665 2777 716 2839 2,
746 2775 797 2839 3,
827 2776 857 2823 2
904 2774 968 2826 in
1003 2773 1127 2839 fine.
1347 2774 1399 2840 3)
1438 2771 1775 2826 exheredare
1811 2771 1879 2826 V.
1934 2770 2270 2824 nominatim

233 2842 574 2896 exheredare
611 2844 751 2897 Inst.
819 2842 1155 2896 exheredare
1205 2842 1543 2895 nominatim
1578 2844 1734 2914 Diy„
1769 2845 1865 2898 via:
1901 2860 1968 2897 ex
2010 2842 2170 2897 Gaio.

235 2916 291 2981 4)
330 2914 638 2969 notandum
675 2921 769 2980 est,
808 2931 948 2983 quae
985 2915 1183 2969 abhinc
1217 2931 1388 2983 usque
1415 2916 1490 2967 ad
1524 2915 1688 2980 finem
1714 2930 1777 2981 p.
1804 2918 1871 2967 87
1910 2931 1977 2968 ea:
2027 2915 2165 2968 Inst.
2222 2921 2273 2969 et

234 2986 373 3056 Diy.
410 2987 589 3040 relata
624 2990 774 3052 sunt,
812 3003 926 3040 non
961 2987 1210 3053 sufficere
1247 2986 1322 3038 ad
1360 2986 1652 3054 eaeplendos
1689 2985 1739 3038 V
1777 3003 1858 3041 vv.
1898 2990 2126 3039 22-24.

377 3115 443 3176 66
484 3114 603 3164 133.
653 3116 775 3164 134.
822 3137 890 3156 -—-·
919 3112 995 3165 D.
1037 3114 1201 3178 28,3,
1232 3115 1315 3164 13.
1391 3112 1440 3164 Ι.
1480 3117 1530 3178 2,
1562 3115 1646 3178 13,
1676 3116 1726 3163 2.
1801 3111 1870 3177 cf.
1925 3111 2046 3179 [ΠΡ.
2104 3113 2191 3176 23,
2221 3114 2270 3162 3.

230 3183 312 3237 D.
352 3186 439 3249 28,
468 3188 519 3251 2,
548 3187 616 3236 29
674 3183 877 3252 (Scaev.
919 3183 1059 3250 157).
1124 3186 1211 3250 28,
1241 3188 1291 3250 6,
1320 3188 1353 3234 2
1374 3200 1465 3251 pr.
1524 3183 1678 3251 (Uzp.
1719 3184 1896 3249 2469).
1960 3185 2048 3248 28,
2077 3186 2127 3248 3,
2158 3187 2207 3248 6,
2236 3186 2271 3235 4

231 3254 388 3324 (τηρ.
418 3256 597 3322 2505).
656 3259 743 3322 28,
772 3259 822 3321 2,
853 3259 902 3321 9,
932 3258 963 3307 2
1002 3254 1188 3323 (Paul.
1222 3255 1398 3321 1601).
1457 3254 1514 3308 0.
1554 3258 1603 3321 6,
1634 3259 1719 3321 28,
1750 3258 1781 3305 2
1820 3255 1892 3322 (a.
1925 3255 2066 3322 225).
2105 3259 2154 3319 3,
2185 3257 2271 3321 28,

233 3330 307 3379 34
366 3342 419 3378 a.
451 3330 551 3379 531
582 3367 594 3379 .

344 3328 410 3461 (ξ
453 3328 576 3450 1343
630 3396 755 3467 lege
791 3396 954 3449 Iunia
981 3395 1236 3467 Vellaea]
1292 3398 1393 3451 sub
1434 3396 1667 3450 Claudio
1724 3402 1826 3449 aut
1870 3395 2089 3450 Nerone
2136 3395 2270 3448 lata.

226 3470 304 3537 ef.
346 3469 656 3523 Mommsen
700 3468 824 3522 Jwr.
864 3467 1015 3523 Schr.
1054 3467 1096 3535 Ι,
1136 3472 1256 3521 285.
1314 3468 1551 3534 Haben,
1591 3468 1987 3537 Mitteilunyen
2031 3467 2124 3520 des
2161 3468 2271 3520 Ar-

225 3540 431 3596 chaeol.
471 3540 733 3595 Instituts
769 3537 898 3592 XIX
934 3541 1134 3609 (1904),
1174 3544 1295 3593 322.

339 3638 552 3679 Ivmsrn.
578 3648 741 3678 nur.
770 3648 847 3678 11).
874 3638 1351 3679 Seckel-Kubler.
1377 3639 1412 3677 1.
1881 3633 1947 3681 15
