2650 3917
392 133 474 197 76
1056 133 1424 189 MAsvmvs
1464 134 1784 190 SABINVS.

388 298 600 380 prima
645 296 1079 362 adulescentia
1114 297 1375 382 tibicen,
1421 304 1771 383 postquam
1808 301 1934 364 arti
1972 321 2123 364 suae
2170 300 2413 365 diffisus

389 390 513 464 est,
576 387 862 451 instituit
916 391 1340 451 mercaturam
1408 392 1473 452 et
1525 388 1688 452 bene
1740 411 1810 452 re
1866 393 2047 474 gesta
2107 389 2413 453 decimam

389 474 657 539 Herculi
719 476 1103 559 profanauit.
1196 480 1423 560 postea
1487 497 1633 541 cum
1695 480 2009 563 nauigans
2059 477 2188 542 hoc
2251 478 2413 542 idem

390 569 626 649 ageret,
667 587 706 628 a
740 566 1170 649 praedonibus
1210 566 1686 630 circumuentus
1722 567 2072 631 fortissime
2108 589 2413 654 repugna-

337 677 361 717 5
389 655 489 716 uit
516 658 581 717 et
617 655 829 719 uictor
871 656 1149 718 recessit.
1240 655 1414 719 hunc
1452 655 1521 719 in
1567 659 1808 720 somnis
1846 654 2155 720 Hercules
2203 657 2417 722 docuit

388 765 504 807 sua
566 764 760 826 opera
823 748 1165 808 seruatum.
1259 746 1362 809 cui
1409 741 1717 809 Octauius
1782 747 2126 829 impetrato
2191 770 2228 811 a
2294 769 2417 810 ma-

390 832 767 918 gistratibus
811 833 955 898 loco
1003 834 1224 896 aedem
1286 834 1565 899 sacrauit
1631 837 1695 897 et
1750 837 2009 920 signum
2065 834 2418 899 Victorem-

390 943 513 1005 que
575 921 813 986 litteris
878 922 1098 986 incisis
1164 923 1536 1006 appellauit.
1628 923 1805 988 dedit
1867 946 2020 1009 ergo
2088 923 2417 1008 epitheton

389 1011 526 1094 dec,
574 1033 703 1095 quo
743 1015 807 1074 et
849 1016 1300 1096 argumentum
1337 1017 1629 1077 ueterum
1665 1012 2083 1078 uictoriarum
2120 1012 2416 1078 Herculis

308 1124 360 1163 10
389 1105 454 1164 et
492 1102 1016 1165 commemoratio
1044 1122 1253 1164 nouae
1289 1100 1618 1185 historiae,
1648 1123 1810 1185 quae
1846 1103 2088 1167 recenti
2124 1101 2419 1167 Romano

389 1211 569 1253 sacro
600 1210 854 1254 causam
884 1189 1078 1273 dedit,
1108 1191 1587 1255 contineretur’.
1606 1228 1694 1236 —-

1715 1192 1996 1256 Macrob.
2019 1189 2150 1257 Sat.
2173 1191 2233 1275 3,
2247 1191 2418 1274 6‚11.

520 1278 607 1343 16.
653 1276 818 1343 Item
866 1280 1041 1343 aliud
1087 1279 1283 1343 refert
1332 1278 1607 1344 Sabinus
1653 1278 1976 1344 Masurius
2023 1283 2090 1344 in
2146 1284 2419 1365 septimo

387 1368 747 1432 memoriali
792 1388 1009 1432 seuere
1056 1368 1317 1433 factum.

1412 1367 1790 1452 ‘Censores',
1837 1370 2077 1453 inquit,
2126 1369 2422 1435 ‘Publius

391 1456 606 1541 Scipio
653 1456 892 1520 Nasica
945 1461 1011 1521 et
1056 1457 1310 1522 Marcus
1357 1457 1684 1542 Popilius1
1742 1480 1883 1522 cum
1942 1460 2233 1543 equitum
2283 1481 2424 1523 cen-

309 1572 360 1611 15
389 1569 531 1610 sum
579 1551 859 1631 agerent,
906 1569 1144 1630 equum
1191 1547 1386 1611 nimis
1426 1548 1777 1633 strigosum
1806 1552 1871 1612 et
1904 1547 2071 1612 male
2107 1547 2424 1633 habitum,

388 1637 497 1698 sed
545 1636 827 1720 equitem
866 1637 1002 1700 eius
1049 1635 1447 1701 uberrimum
1486 1641 1549 1700 et
1586 1636 2066 1702 habitissimum
2101 1638 2425 1720 uiderunt,

388 1729 453 1788 et
502 1725 730 1806 “cur’',

787 1726 1108 1809 inquiunt,
1157 1725 1296 1788 “ita
1353 1729 1469 1809 est,
1532 1729 1608 1789 ut
1661 1730 1732 1790 tu
1789 1726 1897 1810 sis,
1961 1749 2154 1810 quam
2219 1748 2424 1809 equus

389 1814 765 1878 curatior''‘?
814 1812 1248 1894 “Quoniam''‚
1295 1815 1538 1898 inquit,
1587 1815 1755 1900 “ego
1803 1838 1906 1880 me
1955 1837 2127 1898 cur0,
2183 1837 2424 1899 equum

391 1901 636 1966 Statius
673 1901 877 1967 nihjl2
916 1904 1202 1967 seruos'’.

1294 1905 1507 1967 uisum
1547 1907 1647 1967 est
1681 1926 1908 1987 parum
1949 1926 2087 1969 esse
2124 1926 2426 1970 reuerens

312 2017 362 2057 20
391 2013 789 2076 responsum,
834 1993 1202 2075 relatusque
1238 1994 1304 2056 in
1345 1994 1643 2075 aerari08‚
1678 1997 1754 2056 ut
1791 2015 1932 2058 mos
1975 1995 2113 2058 est'.
2143 2031 2232 2040 —
2265 1993 2424 2059 Gall.

389 2082 451 2165 4,
489 2080 595 2164 20,
637 2081 736 2145 11.
802 2083 877 2162 cf.
927 2081 1179 2146 Nonius
1221 2102 1268 2146 S.
1306 2105 1360 2145 v.
1407 2083 1706 2164 smyosus
1738 2103 1808 2164 p.
1852 2083 1998 2166 168,
2035 2083 2118 2146 21
2153 2084 2350 2148 Mero.

520 2170 606 2235 17.
646 2168 969 2234 Masurius
998 2175 1212 2234 autem
1242 2169 1351 2234 Sa-

387 2259 575 2324 binus
631 2260 700 2323 in
761 2258 1096 2325 undecimo
1156 2259 1352 2324 libro-

385 2371 528 2412 rum
572 2349 1038 2413 memorialium
1078 2348 1349 2412 ciuicam

307 2463 357 2503 25
388 2457 690 2502 coronam
730 2441 868 2502 tum
909 2438 1047 2501 dari
1093 2438 1350 2502 solitam

388 2526 571 2609 dicit,
627 2549 771 2592 cum
826 2529 911 2611 is,
968 2527 1080 2610 qui
1141 2528 1349 2590 ciuem

388 2619 778 2700 seruauerat,
807 2616 1029 2681 eodem
1059 2620 1350 2699 tempore

388 2705 583 2769 etiam
674 2705 929 2770 hostem
1032 2705 1350 2770 occiderat

389 2816 599 2878 neque
645 2794 860 2858 locum
897 2796 966 2858 in
1014 2817 1087 2859 ea
1131 2816 1352 2879 pugna

305 2910 358 2948 30
387 2883 755 2967 reliquerat3
818 2885 1004 2948 aliter
1049 2886 1149 2948 ius
1197 2884 1349 2947 ciui·

387 2994 496 3037 cae
544 2993 813 3037 coronae
857 2977 1054 3059 negat
1100 2994 1352 3038 conces-

389 3084 548 3126 sum.
690 3061 1021 3127 Tiberium
1132 3068 1350 3127 tamen

388 3149 721 3216 Caesarem
796 3153 1160 3216 consultum
1177 3203 1194 3235 ‚
1269 3175 1352 3216 an

387 3240 655 3305 ciuicam
742 3262 1041 3306 coronam
1125 3262 1351 3324 capere

305 3354 356 3394 85
386 3334 624 3412 posset,
653 3330 765 3412 qui
787 3331 993 3394 ciuem
1014 3331 1083 3394 in
1100 3330 1349 3414 proelio

533 3525 583 3592 1)
624 3541 675 3577 a.
706 3540 762 3577 u.
803 3527 923 3590 594,
964 3540 1012 3576 a.
1050 3521 1174 3576 Chr.
1216 3528 1336 3576 160.

1460 2169 1682 2235 Ciuica
1736 2172 1940 2256 iligna
2002 2174 2215 2256 primo
2279 2173 2429 2255 fuit,

1459 2264 1688 2344 postea
1752 2264 1960 2346 magis
2033 2260 2280 2344 placuit
2345 2283 2428 2325 ex

1458 2348 1714 2414 aesculo
1761 2348 1905 2413 Ioui
1962 2370 2166 2435 sacra,
2220 2352 2430 2414 uaria-

1458 2442 1724 2522 tumque
1807 2443 1874 2502 et
1954 2460 2100 2503 cum
2183 2461 2432 2523 quercu

1459 2532 1557 2591 est
1614 2549 1688 2592 ac
1743 2527 1894 2592 data
1954 2527 2197 2613 ubique
2259 2551 2431 2613 quae

1458 2617 1667 2684 fuerat
1749 2617 2074 2682 custodito
2165 2620 2430 2682 tantum

1457 2705 1704 2771 honore
1778 2705 2049 2792 glandis.
2165 2706 2431 2771 additae

1457 2794 1633 2880 leges
1679 2799 1854 2859 artae
1894 2799 1957 2860 et
2003 2796 2147 2860 ideo
2199 2818 2433 2881 super-

1457 2885 1578 2949 bae
1644 2907 1930 2969 quasque
1996 2885 2285 2949 conferre
2351 2887 2434 2951 li-

1459 2974 1605 3038 beat
1659 2996 1806 3039 cum
1861 2974 1975 3038 illa
2030 2972 2434 3040 Graecorum

1461 3085 1728 3148 summa,
1757 3085 1921 3167 quae
1942 3063 2107 3127 sub
2090 3085 2235 3147 ipso
2266 3062 2437 3130 Ioue

1460 3153 1648 3216 datur
1687 3155 1918 3236 cuique
1954 3174 2174 3217 muros
2213 3154 2438 3238 patria

1460 3242 1745 3326 gaudens
1764 3241 2035 3325 rumpit:
2066 3241 2277 3307 ciuem
2299 3263 2438 3307 ser-

1459 3352 1637 3410 uare,
1683 3330 1938 3395 hostem
1989 3330 2308 3416 occidere,
2354 3336 2441 3397 ut

1484 3525 1536 3591 2)
1574 3522 1744 3576 nihili
1780 3524 1883 3578 Fr.
1926 3524 2258 3581 Gronovius.
