2650 3917
330 142 415 207 82
993 141 1356 199 VALERIVS
1393 141 1694 197 PROBVS.

327 304 787 389 caritatemque
834 304 1239 370 dominorum
1277 305 1494 370 statim
1541 305 1918 389 acciperent.
2009 309 2357 391 postquam

325 417 482 460 uero
528 395 822 460 nationes
860 395 929 458 in
965 394 1230 461 familiis
1267 393 1596 478 habemus,
1624 394 1858 478 quibus
1896 394 2137 460 diuersi
2173 396 2356 480 rituS‚

324 488 585 549 externa
632 506 810 548 sacra
844 487 957 547 aut
993 483 1173 548 nulla
1219 486 1388 568 sunt,
1432 484 1791 548 conluuiem
1830 483 2023 549 istam
2058 506 2194 550 non
2229 486 2358 550 nisi

323 577 499 638 metu
544 573 919 638 coercueriS.
1009 576 1079 636 at
1125 573 1386 656 quidam
1441 573 1728 636 insontes
1791 572 2113 657 peribunt.
2204 596 2357 639 nam

271 691 294 731 ε
325 666 390 727 et
426 685 504 726 ex
540 663 684 726 fuso
732 662 1017 726 exercitu
1052 683 1197 726 cum
1246 662 1550 726 decumus
1598 662 1869 745 quisque
1904 662 2062 726 fusti
2108 662 2356 748 feritur,

322 752 517 815 etiam
592 752 836 815 strenui
910 750 1281 815 sortiuntur.
1391 750 1587 814 habet
1658 750 1903 835 aliquid
1977 773 2056 815 ex
2127 752 2264 836 iniq
2272 775 2355 817 uo

322 861 510 905 omne
555 861 858 924 magnum
906 838 1271 923 exemplum
1284 891 1300 922 ,
1349 839 1521 923 quod
1568 844 1793 904 contra
1847 841 2136 926 singulos
2182 842 2359 906 utili-

318 932 453 994 tate
499 929 759 1011 publica
802 929 1216 1013 rependitur'.
1262 966 1354 976 --
1400 930 1546 993 Tac.
1593 949 1743 993 ann.
1785 929 1886 1013 14,
1923 929 2207 995 42—44.

991 1175 1358 1242 VALERII
1405 1174 1666 1241 PROBI

1041 1282 1319 1338 NOTAE
1358 1280 1597 1337 IVRJS.
1617 1280 1636 1312 ¹

457 1387 510 1441 N
513 1391 733 1443 otarum
796 1388 962 1456 iuris,
1029 1404 1172 1457 quae
1235 1388 1406 1458 vulgo
1469 1387 1542 1441 M.
1584 1387 1812 1442 Valerio
1859 1387 2043 1442 Probo
2100 1389 2351 1459 Beryt10‚

314 1460 683 1529 grammatico
712 1459 914 1513 aetatis
942 1459 1313 1528 Neronianae,
1344 1458 1744 1528 attribuuntur,
1772 1460 2013 1529 primam
2041 1460 2352 1516 editionem

314 1547 440 1584 vere
478 1531 731 1585 criticam
769 1530 1013 1585 confecit
1049 1530 1375 1585 Theodorus
1411 1530 1724 1584 Mommsen
1760 1530 1820 1583 in
1856 1531 2016 1585 Actis
2047 1532 2349 1588 Societatis

312 1602 523 1673 Regiae
580 1601 882 1656 Saxonicae
939 1620 986 1655 a.
1030 1607 1166 1656 1853
1225 1601 1383 1656 class.
1440 1601 1579 1671 phil.
1618 1602 1750 1655 hist.
1805 1620 1860 1671 p.
1887 1608 1952 1656 91
1975 1620 2055 1671 sq.
2140 1604 2350 1659 iterum

313 1673 465 1727 idem
500 1674 659 1728 novis
679 1676 737 1727 et
771 1673 1096 1728 melioribus
1135 1673 1409 1728 adhibitis
1439 1672 1707 1726 subsidiis
1730 1689 1823 1726 eas
1853 1674 2037 1728 edidit
2054 1674 2115 1728 in
2145 1680 2347 1744 quarto

310 1744 594 1799 volumine
632 1743 1136 1799 Grammaticorum
1161 1745 1489 1799 Latinorum
1526 1746 1597 1798 ab
1627 1744 1868 1799 Henrico
1897 1745 2027 1799 Keil
2064 1747 2348 1802 editorum

312 1833 361 1871 a.
394 1821 534 1870 1864
571 1819 741 1886 atque
778 1816 936 1870 auxit
971 1816 1122 1870 notis
1160 1817 1347 1870 adhuc
1391 1815 1623 1869 ineditis
1662 1833 1730 1869 ex
1767 1816 1959 1870 codice
1997 1817 2346 1874 Einsidlensi

311 1905 390 1941 nr.
423 1893 525 1942 326
565 1888 856 1955 excerptis,
934 1887 1004 1941 cf.
1043 1887 1191 1941 infra
1244 1905 1298 1956 p.
1331 1893 1400 1941 89
1466 1893 1496 1953 ξ
1536 1892 1584 1940 6.
1659 1887 1992 1941 Mommseni
2036 1888 2345 1944 editionem

310 1975 411 2012 nos
469 1959 648 2013 secuti
704 1975 892 2012 sumus
948 1959 1142 2027 paucis
1196 1959 1444 2012 mutatis
1525 1958 1586 2011 in
1640 1959 2011 2027 significanda
2067 1961 2343 2028 codicum,

307 2047 561 2157 1(ἱιίιιοτιιιὶῑιιί
582 2032 806 2099 praeter
843 2030 946 2154 Igu
936 2029 1124 2112 nullus
1170 2030 1448 2084 vetustior
1483 2031 1570 2083 est
1605 2029 1715 2083 fine
1774 2030 1986 2084 saeculi
2034 2031 2174 2100 XV.‚
2232 2032 2343 2088 lec-

356 2118 463 2156 one
563 2117 587 2154 s
627 2117 861 2169 compen
948 2118 983 2154 s.
1011 2118 1100 2154 us1
1138 2117 1355 2155 sumus:

321 2175 376 2227 A
405 2200 473 2219 =
504 2172 680 2226 codex
732 2171 1167 2227 Mediolanensis
1227 2172 1630 2226 Ambrosianus
1685 2172 1718 2225 J
1760 2178 1861 2225 115
1922 2190 2044 2242 sup.
2089 2177 2345 2229 omnium

342 2317 389 2372 Ο
410 2342 479 2361 ---
510 2246 1338 2369 ἓέἓὲῗῦᾘῃὲιῑῖιῗιῗίιῗὸὴὶεἱαῃυε
1376 2313 1401 2367 Ι
1438 2313 1514 2367 VI
1552 2319 1675 2381 204,
1715 2315 1897 2369 codici
1934 2315 1985 2368 A
2031 2333 2146 2371 non
2199 2319 2340 2372 mul-

511 2389 635 2440 tum
672 2387 891 2440 cedens.

331 2459 384 2513 V
413 2485 480 2505 =
511 2457 688 2512 codex
721 2458 1007 2511 Romanus
1044 2456 1353 2510 Vaticanus
1376 2461 1546 2510 2725.

307 2531 384 2584 M
406 2556 473 2576 =
504 2530 680 2584 codex
732 2528 1032 2583 Bernensis
1069 2528 1114 2580 B
1153 2534 1239 2594 42,
1294 2527 1394 2596 qui
1450 2527 1702 2582 continet
1736 2528 2180 2598 Inscriptionum
2220 2531 2339 2600 Syl-

509 2601 677 2670 logen
716 2600 789 2654 ab
824 2600 1071 2653 Iohanne
1107 2599 1460 2666 Marcanova‚
1503 2599 1721 2653 medico
1758 2599 2061 2667 PatavinO,
2101 2603 2252 2657 circa
2289 2621 2336 2658 a.

514 2677 651 2726 1457
691 2670 1035 2724 elaboratam
1073 2670 1281 2724 inserto
1317 2670 1490 2724 Probi
1526 2669 1734 2726 libello.

306 2744 598 2800 Marueell.
629 2769 696 2789 =
728 2742 904 2796 codex
941 2742 1295 2795 Florentinus
1334 2741 1766 2802 Marucellianus
1803 2742 1854 2795 A
1894 2748 1976 2796 76.
2007 2749 2065 2798 ·1.

330 2817 393 2870 E
420 2843 482 2860 -τ
515 2815 692 2870 codex
718 2813 1089 2867 Einsidlensis
1112 2818 1214 2866 326
1245 2829 1386 2867 saec.
1406 2813 1474 2879 X,
1504 2813 1603 2882 qui
1623 2812 1876 2867 continet
1901 2813 2338 2885 Inscriptionum

507 2886 837 2940 Latinarum
867 2884 1133 2954 Syllogen
1161 2899 1371 2951 earum,
1409 2901 1550 2953 quas
1580 2884 1851 2938 habemus
1881 2885 2338 2953 antiquissimam

507 2957 817 3027 praemissa
852 2955 890 3010 f.
924 2961 1098 3010 1—10
1155 2954 1486 3009 collectione
1521 2958 1782 3009 notarum
1831 2958 1951 3010 tam
1988 2957 2128 3011 iuris
2167 2975 2338 3027 quam

506 3029 769 3094 aliarum,
825 3044 894 3081 ex
944 3044 1055 3096 qua
1108 3029 1270 3081 notas
1317 3027 1391 3080 ad
1437 3028 1525 3080 ius
1561 3027 1908 3096 pertinentes
1956 3028 2336 3086 Mommsenus

506 3100 784 3168 excerpsit
821 3101 880 3153 et
914 3099 975 3151 in
1012 3098 1266 3155 ordinem
1303 3116 1453 3153 nunc
1491 3097 1658 3168 vulgo
1694 3101 1986 3168 receptum
2023 3101 2263 3174 redegit.

443 3245 497 3311 1)
531 3242 943 3312 praefationem
1003 3239 1281 3294 Huschkii
1346 3241 1576 3309 eiusque
1632 3241 2024 3297 additamenta
2089 3244 2222 3300 vide
2277 3245 2336 3299 in

296 3314 578 3383 prioribus
625 3312 993 3368 editionibus:
1051 3330 1151 3367 nos
1187 3329 1395 3381 pauca,
1447 3329 1589 3381 quae
1627 3330 1796 3382 supra
1840 3313 2134 3384 leguntur,
2173 3332 2334 3386 prae-

298 3387 406 3440 fari
443 3386 582 3439 satis
620 3384 934 3439 habuimus.
1012 3384 1080 3438 cf.
1121 3384 1293 3437 etiam
1339 3383 1514 3437 Iulius
1553 3384 1753 3453 Steup,
1793 3385 1864 3438 de
1900 3385 2099 3440 Probis
2141 3386 2338 3443 Gram-

297 3456 534 3523 maticis,
564 3456 738 3511 Jenae
770 3461 921 3523 1871,
948 3473 1003 3524 p.
1029 3460 1324 3508 134—137.
1390 3472 1574 3525 pauca
1601 3456 1935 3526 compendia
1962 3457 2104 3512 iuris
2133 3460 2338 3527 peritis

298 3528 512 3583 usitata
548 3527 791 3582 tradidit
824 3527 1071 3581 Isidorus
1110 3526 1248 3597 orig.
1290 3533 1340 3596 1,
1370 3532 1456 3595 23,
1487 3533 1514 3580 1
1557 3527 1757 3596 (Bruns
1793 3527 1888 3596 11⁶,
1927 3532 2033 3598 83).
