2650 3917
1067 186 1453 243 VERANIVS.
2191 188 2274 251 51

249 350 325 415 de
373 350 673 433 comitiis,
717 350 910 434 idque
957 350 1250 436 exemplo
1300 350 1657 434 conprobat
1693 349 1763 415 L.
1803 350 1928 416 Iuli
1967 356 2030 415 et
2071 350 2139 415 P.
2178 351 2281 415 Li-

245 439 375 504 cini
423 460 760 505 censorum
771 438 815 523 1,
863 439 974 523 qui
1018 440 1087 505 id
1133 440 1400 504 fecerint
1437 441 1575 505 sine
1612 439 1747 505 ullo
1787 440 2043 507 decreto
2083 462 2282 526 augu-

243 551 407 613 rum,
455 531 520 592 et
566 528 647 592 ob
695 529 761 593 id
806 528 1084 593 lustrum
1140 551 1370 613 parum
1418 529 1574 593 felix
1620 529 1834 594 fuerit.
1885 568 1968 576 -
2015 530 2180 595 Fest.
2226 552 2280 595 v.

240 619 470 699 referri
501 639 572 701 Ρ.
609 617 758 682 289.

378 706 435 772 2.
484 706 799 771 Veranius
847 706 940 770 ait
984 729 1118 772 non
1163 708 1391 791 utique
1438 730 1518 771 ex
1561 707 1748 792 lecto,
1797 709 1908 773 sed
1954 730 2032 772 ex
2080 707 2281 773 cubili
2336 733 2359 773 5

241 796 350 882 (sc.
399 817 663 898 surgere
709 817 855 860 eum
913 796 1198 880 silentio,
1255 797 1368 880 qui
1423 799 1870 881 auspicaturus
1926 795 2060 880 sit,)
2122 795 2279 861 nec²

241 907 465 952 rursus
514 906 582 951 se
628 886 698 949 in
743 884 981 949 lectum
1029 886 1314 969 recipere
1361 907 1619 950 necesse
1666 908 1820 951 esse.
1875 923 1962 932 --
2015 887 2180 952 Fest.
2226 908 2280 950 v.

238 975 487 1040 sv'lentio
520 996 592 1056 Ρ.
632 974 779 1038 348.

375 1064 430 1129 3.
480 1062 800 1128 Paludati
849 1065 918 1128 in
962 1063 1148 1128 libris
1196 1063 1613 1149 auguralibus
1661 1064 2004 1150 sig-nificat’
2008 1116 2025 1147 ,
2071 1067 2146 1127 ut
2191 1064 2283 1127 ait

239 1151 629 1237 Veranius,
637 1154 909 1236 ‘armati,
939 1153 1218 1217 ornati''.
1294 1152 1511 1217 omnia
1549 1152 1720 1217 enim
1758 1152 2064 1217 militaria
2100 1173 2279 1217 orna-
2310 1178 2362 1218 10

241 1246 461 1308 menta
507 1242 964 1327 paludamenta
1011 1242 1178 1307 dici'.
1225 1279 1315 1288 —-
1360 1243 1527 1307 Fest.
1564 1265 1617 1306 v.
1653 1242 1957 1324 paludati
1990 1264 2059 1325 Ρ.
2099 1241 2246 1306 253·

614 1453 660 1523 Q
670 1452 880 1507 VAES
885 1453 970 1506 TI
967 1451 1082 1506 ΟΝ
1088 1453 1212 1507 VM
1243 1452 1784 1508 PONTIFIGALI
1791 1452 1927 1506 VM.

373 1564 432 1629 4.
480 1562 804 1628 Veranius
864 1564 1034 1626 enim
1097 1562 1169 1626 in
1230 1561 1713 1645 pontificalibus
1792 1562 2281 1645 quaestionibus

239 1654 431 1718 docet
479 1652 749 1717 eximias
797 1651 1000 1716 dictas
1038 1650 1306 1733 hostias,
1346 1673 1509 1735 quae
1548 1651 1626 1715 ad
1670 1651 2053 1715 sacrificium
2093 1651 2281 1715 desti-

238 1746 430 1808 natae
480 1743 847 1806 eximantur
875 1763 909 1805 e
947 1761 1159 1826 grege,
1187 1740 1295 1803 uel
1342 1740 1515 1823 quod
1561 1740 1795 1804 eximia
1842 1740 2050 1824 specie
2098 1741 2282 1823 quasi
2311 1765 2361 1805 15

240 1831 608 1897 offerendae
652 1830 1029 1894 numinibus
1075 1829 1415 1915 eligantur.
1457 1867 1541 1875 —
1569 1830 1851 1894 Macrob.
1881 1827 2013 1894 Sat.
2043 1829 2105 1912 3,
2133 1828 2192 1912 5,
2222 1829 2279 1893 6.

375 1921 430 1985 5.
478 1918 597 1984 Ait
670 1919 839 1983 enim
908 1918 1222 1983 Veranius
1297 1919 1375 1982 de
1448 1918 1662 1983 uerbis
1736 1916 2281 2004 pontificalibus&

241 2008 514 2076 ‘Felices
562 2009 823 2072 arbores
869 2011 1183 2091 putantur
1229 2029 1365 2072 esse
1413 2029 1713 2091 quercus,
1758 2010 2080 2092 aesculus,
2134 2008 2281 2091 ilex,

240 2099 570 2182 suberies,⁴
594 2098 803 2182 faguS,
849 2099 1125 2180 corylus,
1170 2097 1427 2175 sorbus,
1472 2098 1635 2162 ficus
1682 2096 1854 2178 alba,
1898 2098 2077 2180 pirus
2087 2145 2106 2180 ,
2151 2118 2282 2160 ma-

239 2191 363 2271 lus,
389 2188 569 2271 uitis,
596 2208 864 2271 prunuS,
893 2207 1143 2269 30111113,
1169 2186 1386 2251 lotus'.
1410 2224 1493 2232 --
1524 2186 1805 2251 Macrob.
1834 2184 1967 2251 Sat.
1998 2185 2058 2268 3,
2089 2186 2192 2269 20,
2221 2186 2280 2249 2.
2311 2211 2363 2250 20

377 2279 434 2343 6.
483 2329 496 2341 .
531 2329 543 2341 .
575 2327 588 2339 .
637 2277 805 2340 sicut
849 2274 1166 2339 Veranius
1213 2298 1292 2340 ex
1352 2276 1561 2358 primo
1616 2275 1785 2339 libro
1841 2274 2116 2339 Pictoris
2164 2278 2280 2339 etc.

244 2367 502 2432 —vid.
549 2364 1585 2448 ενΡναῈαόὀαεΡὶειω-2Ρ.2.

377 2453 1010 2521 ’7.Ρ133331112131314
1063 2475 1260 2579 por5ca
1327 2453 1603 2535 dicitur',
1658 2458 1733 2518 ut
1796 2453 1888 2516 ait
1943 2452 2280 2536 Veranius,

243 2545 432 2629 quae
469 2542 756 2609 familiae
784 2540 1195 2628 purgandae⁵
1224 2564 1416 2607 causa
1445 2540 1661 2619 Cereri
1689 2543 2078 2625 immolatur,
2109 2541 2280 2625 quod

241 2656 393 2718 pars
450 2632 765 2717 quaedam
820 2634 956 2696 eius
1021 2631 1316 2698 sacrificii
1374 2632 1452 2695 fit
1498 2632 1566 2696 in
1630 2636 1978 2716 conspectu
2042 2632 2282 2696 mortui
2311 2655 2361 2695 2⁵

243 2725 411 2805 eius,
459 2723 644 2786 cuius
691 2721 888 2787 funus
934 2721 1342 2785 instituitur'.
1389 2759 1478 2768 —
1523 2722 1688 2787 Fest.
1734 2744 1788 2785 v.
1823 2725 2282 2803 praesentanea

231 2834 301 2895 Ρ
377 2902 432 2967 8.
482 2900 872 2986 Prodiguae
934 2899 1185 2964 hostiae
1248 2900 1609 2983 uocantur',
1671 2904 1745 2963 ut
1806 2899 1898 2962 ait
1942 2897 2282 2979 Veranius,

242 2992 434 3076 quae
499 2992 988 3072 consumuntur,
1052 2989 1223 3053 unde
1285 2988 1578 3053 homines
1645 2992 1900 3072 quoque
1963 2946 2282 3053 luxuriosi

240 3081 541 3166 prodigi.
592 3116 675 3124 —-
723 3078 890 3143 Fest.
935 3100 989 3141 v.
1022 3078 1379 3160 prodiyuae
1408 3099 1479 3158 Ρ.
1519 3076 1667 3141 250.
2307 3101 2361 3141 so

375 3170 431 3235 9.
480 3167 845 3234 Offendices
904 3168 996 3230 ait
1050 3188 1187 3231 esse
1250 3166 1463 3231 Titius
1525 3166 1731 3229 nodos
1741 3216 1759 3249 ,
1822 3165 2058 3249 quibus
2117 3186 2280 3247 apex

385 3366 438 3433 1)
478 3382 528 3418 a.
562 3367 667 3416 664
706 3378 760 3415 u.
791 3378 853 3427 3.,
893 3364 961 3413 90
999 3377 1052 3413 a.
1085 3358 1206 3413 Chr.
1355 3361 1408 3427 2)
1445 3374 1517 3411 ne
1566 3360 1680 3413 cod.
1843 3360 1895 3429 3)
1937 3358 2097 3427 ‘puta
2141 3356 2282 3412 libro

242 3435 429 3504 aliquo
476 3434 860 3515 qmmimm
904 3431 1312 3501 pontificalium
1366 3432 1449 3484 ita
1499 3431 1779 3501 inscripto.
1854 3432 1921 3497 cf.
1979 3430 2278 3483 num.12’.

246 3507 360 3561 Ha.
426 3505 801 3562 Reitzenstein
837 3504 902 3557 de
939 3502 1150 3556 duobus
1203 3503 1456 3571 operibus
1510 3503 1728 3572 coyitat,
1777 3503 2027 3556 Verrian.
2058 3501 2279 3555 Forsch.

239 3596 295 3646 Ρ.
325 3583 411 3645 49,
433 3583 481 3631 1.
631 3578 688 3645 4)
724 3590 1003 3645 presan..
1036 3615 1047 3626 .
1079 3615 1090 3627 .
1122 3615 1133 3626 .
1175 3574 1289 3629 cod.
1436 3576 1488 3643 5)
1529 3573 1871 3642 pugnandae
1908 3573 2022 3627 eod.

1890 3662 1958 3715 4*
