2650 3917
765 165 1066 219 VLPIANI
1102 165 1448 220 REGVLAE
1486 165 1565 220 XI
1602 170 1760 219 3-9,
2154 165 2284 229 457

390 329 442 394 3.
489 329 800 415 Legitimi
853 333 1105 394 tutores
1161 332 1340 410 sunt,
1394 330 1504 411 qui
1563 350 1643 393 ex
1704 330 1847 414 lege
1912 329 2131 412 aliqua
2185 329 2287 394 de-

253 418 592 501 scendunt3
639 441 755 502 per
791 420 1201 484 eminentiam
1238 421 1456 483 autem
1490 417 1768 502 legitimi
1808 417 2126 501 dicuntur,
2173 418 2287 500 qui

252 531 330 573 ex
374 509 518 593 lege
557 469 892 574 duodecim
927 508 1291 573 tabularum
1331 507 1832 571 introducuntur
1867 529 1982 572 seu
2019 506 2286 590 palam¹,

252 597 472 681 quales
538 600 687 662 sunt
742 594 1002 683 agnati²
1008 646 1025 679 ,
1085 618 1198 662 seu
1260 618 1379 680 per
1445 596 1997 680 consequentiam,
2062 596 2284 679 quales

252 690 405 751 sunt
449 687 723 770 patroni.
815 685 875 750 4.
920 682 1204 772 Agnati²
1249 689 1402 750 sunt
1449 708 1488 750 a
1531 690 1715 771 patre
1770 685 2030 771 cognati
2076 685 2285 752 uirilis

252 797 441 840 sexus
505 797 623 860 per
669 775 921 842 uirilem
969 797 1195 840 sexum
1243 775 1697 840 descendentes
1760 775 2046 839 eiusdem
2101 775 2285 839 fami-

253 863 396 946 liae,
439 865 646 930 ueluti
693 866 930 947 patrui,
973 865 1226 948 fratres,
1271 865 1392 929 filii
1438 864 1676 947 fratriS,
1720 861 2089 949 patruelis.³

383 954 436 1017 5.
484 951 628 1030 Qui*
664 953 941 1018 liberum
998 957 1194 1037 caput
1247 954 1686 1037 mancipatum
1738 953 1861 1018 sibi
1916 952 2021 1017 uel
2075 974 2114 1018 a
2176 974 2286 1036 pa-

248 1047 430 1107 rente
492 1044 600 1108 uel
656 1065 693 1106 a
748 1043 1296 1127 coemptionatore
1352 1043 1746 1123 manumisit,
1808 1063 1925 1126 per
1988 1041 2283 1106 similitu-

250 1132 463 1200 dinem
537 1132 793 1217 patroni
867 1135 1049 1196 tutor
1111 1131 1411 1214 efficitur,
1486 1132 1600 1215 qui
1661 1131 2034 1198 fiduciarius
2105 1135 2285 1195 tutor

248 1220 628 1307 appellatur.

425 1311 478 1376 6.
524 1310 831 1397 Legitimi
890 1314 1139 1375 tutores
1204 1310 1316 1375 alii
1373 1307 1680 1374 tutelam⁴
1741 1310 1812 1375 in
1867 1310 2004 1375 iure
2060 1309 2282 1375 cedere

246 1404 535 1483 possunt.
619 1400 672 1465 7.
721 1398 806 1482 Is,
845 1401 949 1464 cui
985 1400 1190 1464 tutela
1226 1401 1296 1464 in
1344 1399 1484 1464 iure
1521 1396 1736 1465 cessa⁶
1783 1404 1898 1482 est,
1942 1397 2283 1466 cessicius⁶

246 1492 425 1553 tutor
472 1490 858 1573 appellatur:
916 1491 1029 1572 qui
1087 1487 1224 1553 siue
1278 1494 1575 1553 mortuus
1631 1490 1829 1553 fuerit
1883 1490 2020 1553 siue
2075 1489 2283 1571 capite

247 1580 533 1642 minutus
576 1577 584 1662 Ι
626 1579 763 1641 siue
819 1577 931 1641 alii
986 1575 1294 1642 tutelam4
1349 1600 1544 1662 porro
1607 1576 1923 1660 cesserit⁷,
1977 1577 2143 1642 redit
2199 1577 2279 1644 ad
2295 1579 2493 1652 194bss

246 1666 612 1751 legitimum
657 1671 938 1731 tutorem
982 1666 1204 1731 tutela.
1298 1667 1410 1733 sed
1465 1671 1530 1731 et
1587 1667 1644 1732 si
1687 1668 2017 1753 legitimus
2073 1667 2280 1733 deces-

246 1754 402 1820 serit
447 1758 558 1818 aut
605 1756 816 1838 capite
861 1755 1150 1819 minutus
1194 1755 1411 1839 fuerit,
1457 1757 1722 1821 cessicia
1767 1777 2023 1839 quoque
2078 1755 2282 1820 tutela

246 1846 662 1930 extinguitur.
756 1846 809 1910 8.
861 1844 1188 1920 Quantum
1253 1844 1333 1907 ad
1398 1850 1671 1930 agnatos
1735 1844 2033 1929 pertinet,
2087 1844 2281 1909 hodie

250 1934 512 1998 cessicia
557 1931 798 1998 tutela8
842 1955 975 1997 non
1011 1933 1323 2016 procedit,
1371 1934 1676 2018 quoniam
1714 1936 2098 2016 permissum
2144 1938 2282 1998 erat

246 2025 313 2086 in
359 2023 495 2086 iure
545 2023 765 2089 cedere
817 2020 1125 2086 tutelam*
1163 2023 1545 2088 feminarum
1591 2027 1865 2105 tantum,
1908 2044 2042 2088 non
2087 2023 2282 2088 etiam

246 2111 706 2196 masculorum3
767 2111 1151 2176 feminarum
1218 2116 1436 2180 autem
1488 2112 1811 2197 legitimas
1875 2112 2112 2177 tutelas
2176 2113 2281 2176 lex

247 2199 513 2265 Claudia
569 2201 830 2265 sustulit
842 2197 883 2283 9,
929 2205 1197 2284 excepta
1243 2201 1448 2265 tutela
1495 2206 1931 2284 patronorum.

379 2290 432 2355 9.
496 2290 818 2376 Legitima
883 2291 1088 2356 tutela
1151 2291 1384 2374 capitis
1447 2289 1874 2356 diminutione
1938 2290 2278 2354 amittitur.

390 2522 441 2589 1)
477 2519 667 2588 palam
717 2519 937 2574 Vahlen.
996 2519 1291 2589 perpalam
1340 2521 1402 2573 V.
1562 2523 1614 2589 2)
1654 2519 1838 2590 agniti
1887 2520 1947 2574 V.
2094 2522 2146 2589 3)
2184 2535 2280 2572 ue-

244 2590 352 2643 luti
380 2590 574 2659 patrui
601 2591 805 2645 fratres
833 2590 939 2643 filii
966 2590 1160 2644 fratris
1188 2592 1465 2661 patruelis
1498 2594 1556 2647 V.
1614 2591 1775 2645 uelut
1804 2608 1838 2645 a
1865 2594 2029 2661 patre
2058 2590 2278 2657 fratres,

241 2663 451 2732 patrui,
496 2661 688 2716 fratris
735 2661 856 2726 filii,
901 2662 1105 2716 fratres
1142 2664 1430 2731 patrueles
1468 2665 1587 2719 Hu.
1660 2662 1842 2717 ueluti
1897 2663 2120 2731 fratres,
2175 2662 2280 2715 filii

244 2734 455 2801 fratris,
493 2735 703 2803 patrui,
740 2733 1027 2804 patrueles
1067 2735 1407 2791 Charondas.
1483 2734 1661 2789 ueluti
1702 2734 1909 2803 patrui,
1947 2734 2150 2788 fratres
2178 2751 2280 2804 pa-

243 2805 471 2872 truele8‚
528 2804 629 2858 filii
685 2805 879 2860 fratris
935 2804 1206 2873 patruelis
1266 2807 1546 2861 Ouiae-ius.
1619 2823 1718 2860 nec
1770 2806 1876 2859 filii
1931 2805 2124 2860 fratris
2171 2823 2279 2874 pro

240 2875 434 2930 fratris
470 2876 575 2930 filii
610 2895 707 2936 nec
751 2876 1035 2946 patrueles
1080 2878 1227 2932 nude
1261 2894 1376 2933 non
1413 2878 1605 2933 addito
1651 2877 1856 2931 fratres
1893 2879 2008 2932 dici
2033 2880 2280 2946 potuisse

240 2955 419 3003 monet
457 2949 574 3003 Ην.
720 2953 774 3016 4)
813 2947 997 3002 tutela
1046 2949 1106 3003 V.
1236 2950 1289 3018 5)
1330 2965 1594 3003 concessa
1641 2950 1702 3004 V.
1832 2952 1885 3017 6)
1924 2950 2167 3002 cessicus
2216 2949 2276 3003 V.

244 3021 296 3087 ’1)
333 3036 499 3088 porro
539 3019 769 3074 cesserit
786 3020 974 3076 Heise.
1028 3021 1369 3089 processerit
1405 3021 1465 3075 V.
1523 3020 1584 3074 in
1619 3020 1741 3074 iure
1780 3021 2013 3074 cesserit
2049 3020 2277 3076 Roeder.

243 3094 298 3160 8)
339 3091 572 3145 cessicia
609 3091 794 3145 tutela
837 3092 1032 3146 Piliae.
1081 3092 1262 3146 cessis
1298 3091 1482 3146 tutela
1512 3094 1571 3148 V.
1630 3091 1806 3146 cessio
1843 3092 2059 3147 tutelae
2106 3092 2276 3146 Scha-

238 3164 373 3234 liny.
517 3165 570 3232 9)
610 3163 840 3216 sustulit
880 3163 1159 3219 Cuiacius.
1219 3163 1462 3218 sustinet
1502 3166 1561 3220 V.

384 3346 415 3407 ς
454 3349 504 3396 3.
542 3341 613 3407 cf.
657 3341 785 3395 Gai.
827 3348 874 3409 1,
907 3346 1024 3395 155.
1082 3372 1149 3382 —
1207 3347 1237 3408 ἓ
1275 3349 1324 3395 4.
1365 3345 1434 3408 cf.
1480 3344 1605 3398 Gai.
1648 3349 1696 3408 1,
1728 3348 1850 3397 156.
1914 3342 2072 3409 infra
2110 3346 2196 3409 26,
2227 3348 2277 3400 1.

237 3443 308 3453 -
350 3418 380 3477 g
421 3417 471 3465 5.
518 3414 588 3480 cf.
632 3413 759 3467 Gai.
801 3419 848 3479 1,
882 3418 1022 3467 166⁸.
1085 3445 1150 3453 —
1218 3424 1248 3480 ς·
1287 3420 1338 3468 e.
1377 3417 1449 3481 cf.
1491 3415 1618 3470 Gai.
1660 3419 1861 3480 1‚168.
1920 3446 1985 3455 -
2046 3419 2076 3480 5
2118 3419 2162 3467 τ.
2205 3414 2274 3480 cf.

239 3484 626 3611 fafbslssffieff
658 3490 778 3539 170.
820 3516 883 3525 —
924 3489 954 3550 ἓ
994 3491 1043 3540 8.
1084 3489 1152 3554 cf.
1188 3486 1302 3542 Gai
1361 3494 1407 3551 1,
1440 3493 1557 3542 171.
1597 3518 1663 3528 --
1704 3491 1768 3552 §5
1810 3492 2002 3541 9—13.
2040 3488 2109 3554 cf.
2146 3486 2276 3543 Gai.
