2650 3917
229 874 330 922 119

369 159 499 224 256
1054 158 1180 212 GAI
1211 157 1468 212 INSTIT.
1506 159 1557 211 H
1594 163 1715 212 264.

367 322 565 387 bellio
612 323 896 387 Maximo
953 328 1017 387 et
1071 321 1339 387 Annaeo
1398 320 1639 386 Seneca
1701 319 2075 385 consulibus
2141 324 2408 385 senatus

369 412 736 477 consultum
783 413 1025 477 factum
1064 417 1180 496 est,
1228 433 1357 495 quo
1406 415 1667 476 cautum
1705 414 1819 494 est,
1857 414 1931 473 ut
1978 411 2033 474 si
2081 410 2185 474 cui
2222 410 2406 473 here-

369 502 537 566 ditas
566 523 644 565 ex
692 501 1170 566 fideicommissi
1197 522 1391 565 causa
1426 501 1726 565 restituta
1755 501 1857 583 sit,
1895 500 2198 581 actiones,
2238 521 2406 582 quae

368 592 507 654 iure
555 590 733 655 ciuili
780 590 1001 654 heredi
1047 595 1112 654 et
1156 591 1226 654 in
1270 590 1571 655 heredem
1620 593 2064 673 conpeterent,
2117 590 2176 653 ei
2222 595 2287 654 et
2335 590 2406 653 in

369 703 516 744 eum
591 680 920 764 darentur,
994 680 1099 744 cui
1163 702 1241 743 ex
1305 680 1803 744 fideicommisso
1868 678 2169 742 restituta
2234 683 2406 742 esset

368 769 716 853 hereditas3
764 768 913 853 per1
951 769 1127 851 quod
1165 772 1425 832 senatus
1472 767 1837 833 consultum
1886 767 2216 831 desierunt
2253 766 2405 831 illae

370 859 702 924 cautiones
749 860 818 922 in
864 879 986 923 usu
1031 858 1271 922 haberi.
1316 860 1324 940 Ι
1364 862 1625 942 praetor
1663 858 1834 922 enim
1870 856 2066 921 utiles
2114 857 2403 920 actiones

341 950 428 1024 ,ei
475 952 539 1012 et
585 949 655 1012 in
701 970 874 1032 eum,
941 949 1054 1031 qui
1110 948 1359 1031 recepit
1420 946 1871 1030 hereditatem,
1938 947 2122 1029 quasi
2177 946 2405 1009 heredi

369 1042 435 1101 et
480 1040 549 1101 in
601 1037 901 1102 heredem
957 1038 1106 1100 dare
1163 1038 1403 1121 coepit,
1459 1034 1735 1119 eaeque²
1779 1036 1849 1099 in
1902 1036 2111 1100 edicto
2169 1057 2406 1119 propo-

366 1131 626 1191 nuntur.
718 1126 853 1191 254.
903 1125 1030 1191 Sed
1078 1149 1296 1190 rursus
1337 1126 1487 1209 quia
1533 1125 1800 1188 heredes
1840 1125 2083 1209 scripti,
2112 1145 2259 1188 cum
2290 1128 2405 1187 aut

367 1219 573 1280 totam
627 1215 1050 1280 hereditatem
1107 1220 1219 1279 aut
1271 1236 1474 1299 paene
1530 1217 1734 1277 totam
1788 1212 2166 1297 plerumque
2220 1214 2408 1277 resti-

368 1309 548 1368 tuere
612 1304 1034 1389 rogabantur,
1099 1305 1274 1368 adire
1338 1303 1761 1367 hereditatem
1824 1302 1906 1366 ob
1971 1302 2225 1366 nullum
2291 1307 2406 1367 aut

368 1394 707 1458 minimum
773 1393 1023 1457 lucrum
1086 1394 1499 1476 recusabant,
1564 1397 1759 1475 atque
1809 1392 1893 1455 ob
1949 1392 2017 1454 id
2072 1392 2405 1476 extingue-

368 1483 604 1548 bantur
649 1482 1162 1564 fideicommissa,
1206 1489 1417 1567 postea
1462 1481 1710 1567 Pegaso
1760 1486 1824 1546 et
1860 1480 2142 1545 Pusione
2187 1501 2407 1546 eonsu-

369 1572 531 1637 libus
577 1576 837 1636 senatus
884 1572 1159 1655 censuit,
1217 1576 1292 1635 ut
1338 1573 1424 1654 ei,
1473 1572 1583 1656 qui
1630 1575 1898 1656 rogatus
1946 1574 2113 1635 esset
2155 1569 2408 1634 heredi-

369 1665 569 1726 tatem
615 1662 975 1745 restituere,
1022 1662 1292 1745 proinde
1338 1660 1561 1725 liceret
1610 1665 1905 1745 quartam
1953 1664 2205 1743 partem
2251 1661 2407 1724 reti-

368 1772 545 1833 nere,
601 1756 793 1834 atque
844 1773 879 1816 e
934 1751 1077 1835 lege
1133 1750 1421 1815 Falcidia
1474 1751 1544 1814 in
1597 1749 1831 1834 legatis
1886 1749 2208 1813 retinendi
2265 1747 2409 1812 ius⁸

370 1840 768 1905 conceditur:
816 1862 894 1905 ex
941 1840 1216 1925 singulis
1263 1862 1520 1923 quoque
1570 1839 1762 1902 rebus
1776 1891 1791 1923 ,
1849 1860 2013 1921 quae
2060 1860 2175 1922 per
2229 1838 2410 1902 fidei-

370 1931 782 1994 commissum
837 1928 1263 2013 relincuntur,
1320 1930 1537 1993 eadem
1594 1927 1870 2000 retentio
1926 1928 2241 2011 permissa
2286 1931 2406 1992 est.

367 2041 483 2102 per
529 2018 704 2102 quod
758 2022 1016 2082 senatus
1072 2018 1438 2083 consultum
1494 2019 1631 2100 ipse
1684 2017 1854 2082 heres
1909 2038 2103 2080 onera
2158 2015 2407 2082 heredi-

369 2107 534 2171 taria
590 2108 890 2193 sustinet3
954 2107 1065 2172 ille
1112 2111 1356 2189 autem,
1410 2107 1521 2190 qui
1569 2129 1648 2171 ex
1710 2106 2208 2170 fideicommisso
2256 2105 2405 2169 reli-

369 2219 562 2279 quam
608 2201 857 2281 partem
896 2197 1271 2263 hereditatis
1307 2197 1554 2280 recipit,
1592 2194 1889 2279 legatarii
1924 2195 2219 2279 partiarii
2258 2194 2404 2260 loco

370 2291 495 2370 est,
541 2285 608 2348 id
653 2290 750 2350 est
796 2287 932 2351 eius
988 2286 1309 2371 legatarii,
1374 2286 1478 2350 cui
1532 2306 1683 2368 pars
1745 2286 2057 2348 bonorum
2122 2284 2407 2370 legat-ur3

370 2396 533 2457 quae
581 2376 824 2459 species
871 2375 1070 2460 legati
1115 2376 1381 2459 partitio
1429 2378 1730 2457 uocatur,
1781 2374 1932 2457 quia
1978 2395 2123 2437 cum
2170 2373 2407 2438 herede

370 2463 717 2549 legatarius
754 2465 1034 2548 partitur
1079 2464 1519 2530 hereditatem.
1612 2463 1779 2526 unde
1824 2463 2119 2527 effectum
2170 2466 2284 2546 est,
2330 2467 2409 2526 ut

372 2575 534 2637 quae
583 2552 793 2618 solent
841 2553 1291 2638 stipulationes
1339 2554 1507 2617 inter
1553 2550 1854 2617 heredem
1902 2556 1966 2616 et
2022 2553 2407 2636 partiarium

370 2642 753 2728 legatarium
801 2642 1144 2727 interponi,
1192 2643 1444 2707 eaedem
1492 2643 1986 2726 interponantur
2031 2642 2202 2705 inter
2237 2663 2406 2725 eum,

371 2733 484 2817 qui
522 2755 602 2796 ex
637 2732 1119 2797 fideicommissi
1157 2752 1349 2796 causa
1385 2732 1615 2816 recipit
1646 2730 2089 2816 hereditatem,
2127 2735 2193 2795 et
2226 2731 2410 2795 here-

518 2947 569 3014 1)
606 2948 737 3014 post
772 2946 911 2999 Inst.
1059 2946 1111 3014 2)
1151 2959 1363 3011 eaeque
1407 2944 1692 2998 Goeschen.
1750 2958 1927 3009 aeque
1964 2940 2033 2995 V.
2180 2943 2232 3009 3)
2272 2942 2409 2996 reti-

370 3018 542 3070 nendi
571 3017 660 3070 ius
689 3017 808 3070 Hu.
871 3015 1183 3070 retinendis
1213 3014 1281 3069 V.
1355 3015 1596 3068 retinere
1626 3014 1793 3080 12131,
1823 3013 1893 3080 cf.
1925 3018 1975 3081 3,
1997 3017 2081 3065 75.

370 3197 813 3263 D.36,1,1,1;
844 3201 874 3247 2
906 3195 1057 3263 (Uzp
1082 3198 1246 3260 1871·
1285 3191 1748 3261 Bmm1⁶‚192).
1797 3192 2174 3259 36,1,41(4o)
2214 3192 2408 3259 (Paul.

371 3270 514 3336 327).
570 3266 943 3336 temporibus]
982 3266 1225 3320 Neronis
1261 3282 1314 3318 a.
1354 3269 1438 3317 56.

514 3344 544 3403 g
583 3343 705 3391 254.
761 3338 907 3390 =I.
938 3343 989 3404 2,
1018 3343 1104 3404 23,
1135 3342 1183 3390 5.
1241 3337 1306 3403 cf.
1346 3336 1608 3403 Gaiepit.
1640 3339 1854 3403 2,7pr.
1923 3334 2162 3401 mp.25,
2194 3338 2288 3399 14,
2321 3339 2409 3386 15.

373 3410 538 3463 Paul.
578 3415 629 3476 4,
659 3414 708 3461 3.
785 3409 996 3477 Pegaso
1053 3379 1111 3461 61
1157 3407 1397 3461 Pusione
1436 3405 1781 3477 oonsulibus]
1833 3406 2163 3473 Vespasiani
2205 3409 2410 3473 tempo-

370 3481 541 3535 ribus.
615 3479 876 3549 partitio]
916 3480 984 3546 cf.
1028 3479 1145 3548 [ΠΡ.
1177 3484 1263 3547 24,
1293 3484 1379 3532 25.
1438 3478 1665 3547 Theoph.
1697 3484 1747 3545 2,
1778 3483 1864 3546 23,
1894 3483 1925 3531 5
1966 3479 2045 3546 (Ρ.
2078 3481 2179 3530 241
2202 3477 2366 3532 Ferr.
2369 3479 2409 3547 ).

375 3551 483 3606 Cic.
523 3552 589 3605 de
625 3552 723 3621 169.
764 3556 814 3617 2,
843 3554 930 3617 20,
959 3555 1044 3603 50.
1117 3551 1275 3617 infra
1312 3556 1364 3618 2,
1393 3555 1513 3604 267.
