2650 3917
687 79 691 81 v
766 126 1069 183 SERVIVS
1109 127 1476 183 SVLPICIVS
1511 125 1766 184 RVFVS.
2198 129 2286 193 33

253 291 644 358 necessarias
689 312 826 357 esse
872 291 1045 356 uisas
1092 291 1383 376 scripsit,
1430 314 1578 357 cum
1625 284 1897 375 Spurius
1944 290 2286 375 Caruilius,

255 383 355 447 cui
401 382 594 467 Ruga
658 383 1154 466 cognomentum
1210 381 1367 460 fuit,
1432 380 1537 445 uir
1599 381 1865 466 nobilis,
1929 380 2285 446 diuortium

256 493 401 536 cum
447 492 649 535 uxore
693 469 866 554 fecit,
913 469 1066 554 quia
1110 469 1302 535 liberi
1349 492 1444 534 ex>
1476 491 1549 535 ea
1595 471 1884 555 corporis
1939 471 2106 535 uitio
2130 492 2283 535 ‘non

254 561 688 646 gignerentur,
734 579 902 623 anno
948 558 1128 624 urbis
1185 559 1482 624 conditae
1539 560 2058 645 quingentesimo
2118 559 2286 624 uice-

254 650 414 714 simo
489 648 686 713 tertio
746 647 835 711 M.
882 647 1089 712 Atilio
1153 647 1223 712 P.
1270 648 1534 713 Valerio
1603 648 1993 714 consulibus.
2090 652 2283 733 atque
2339 674 2362 714 5

254 740 307 803 is
355 736 678 803 Caruilius
730 738 1008 802 traditur
1072 759 1366 823 uxorem,
1433 760 1626 822 quam
1692 738 1963 823 dimisit,
2028 738 2284 824 egregie

253 828 551 892 dilexisse
609 827 1132 910 carissimamque
1187 848 1441 891 morum
1497 828 1635 891 eius
1692 827 1903 912 gratia
1964 827 2284 910 habuisse,

255 918 361 983 sed
407 915 827 980 iurisiurandi
886 914 1268 1001 religionem
1323 917 1541 982 animo
1597 920 1792 1001 atque
1847 916 2054 981 amori
2106 938 2285 1000 prae-

251 1004 542 1088 uertisse,
579 1004 752 1088 quod
789 1006 1000 1069 iurare
1038 1028 1075 1069 a
1114 1005 1486 1070 censoribus
1535 1010 1793 1071 coactus
1841 1010 1977 1070 erat
2020 1026 2282 1070 uxorem

253 1117 317 1160 se
343 1094 626 1159 liberum
645 1094 1088 1179 quaerundum
1108 1094 1320 1179 gratia
1346 1094 1741 1181 habiturum.
1764 1132 1847 1141 —
1874 1095 2030 1160 Gall.
2059 1095 2121 1178 4,
2141 1095 2200 1178 3,
2222 1095 2280 1160 2.
2312 1122 2363 1160 10

380 1185 438 1250 2.
487 1182 830 1268 Sponsalia
856 1183 928 1246 in
964 1204 1038 1247 ea
1074 1187 1257 1267 parte
1294 1182 1539 1267 Italiae,
1569 1205 1731 1268 quae
1768 1183 2029 1247 Latium
2067 1182 2283 1267 appel-

251 1272 438 1352 latur,
483 1272 611 1337 hoc
655 1294 834 1336 more
881 1276 1075 1356 atque
1112 1272 1254 1347 iure
1290 1272 1484 1337 solita
1529 1272 1671 1336 fieri
1719 1272 1980 1355 scripsit
2018 1272 2282 1337 Seruius

253 1361 578 1448 Sulpicius
633 1361 705 1425 in
766 1360 963 1446 libre,
1038 1383 1229 1446 quem
1304 1361 1565 1445 scripsit
1630 1362 1706 1425 de
1780 1361 2066 1426 dotibus:
2134 1360 2283 1437 ‘Qui

252 1452 563 1535 uxorem',
610 1451 850 1534 inquit,
898 1451 1231 1515 ‘ducturus
1278 1454 1443 1536 erat,
1490 1450 1570 1514 ab
1619 1472 1693 1514 eo
1703 1502 1721 1534 ,
1773 1451 1941 1515 unde
1998 1451 2284 1515 ducenda

251 1545 410 1626 erat,
473 1539 911 1624 stipulabatur
975 1562 1126 1604 eam*
1180 1540 1251 1603 in
1321 1540 1811 1604 matrimonium
1877 1541 2095 1608 datum
2159 1542 2362 1618 iri;15

249 1633 353 1712 qui
400 1631 672 1695 datwrus
705 1635 855 1708 erat,
893 1630 967 1694 id
1009 1630 1205 1694 eidem
1249 1629 1600 1710 spondebat.
1690 1632 1838 1694 item
1874 1631 1985 1712 qui
2026 1651 2282 1696 uxorem

255 1721 522 1785 datwrus
566 1724 717 1797 erat,
763 1719 842 1783 ab
879 1740 962 1797 ee,
1007 1719 1111 1783 cni
1153 1739 1292 1783 eam
1340 1719 1605 1783 datwrus
1650 1725 1799 1797 erat,
1845 1719 2281 1801 stipulabatwr‚

248 1830 382 1874 eam
421 1811 494 1874 in
532 1806 1043 1873 mammoniuw
1082 1805 1383 1871 ductum2
1413 1807 1521 1893 iri3
1551 1808 1664 1892 qui
1693 1808 2002 1872 ducturus
2032 1813 2187 1894 erat,
2214 1809 2283 1872 id

250 1896 492 1964 eidem³
548 1897 922 1981 spondebat.
1014 1896 1070 1961 is
1118 1900 1486 1961 contractus
1543 1896 2039 1980 stipulationum
2096 1919 2284 1981 spon-

249 1988 634 2072 sionumque
689 1986 1024 2053 dicebatur
1080 1984 1423 2070 sponsalia.
1513 1984 1702 2050 hinc4
1751 2007 1916 2070 quae
1962 1986 2283 2072 promissa
2311 2013 2363 2051 πο

250 2082 400 2162 erat,
447 2098 688 2161 sponsa
742 2074 1216 2161 appellabatur,
1281 2074 1394 2159 qui
1442 2075 1875 2159 spoponderat
1921 2075 2282 2154 ducturum,

249 2189 546 2250 sponsus,
641 2166 752 2230 sed
798 2166 855 2231 si
900 2168 1050 2251 post
1097 2186 1203 2229 eas
1260 2164 1714 2250 stipulationes
1770 2185 1935 2228 uxor
1988 2186 2121 2228 non
2176 2164 2282 2227 da-

248 2255 437 2320 batur
475 2259 590 2319 aut
625 2277 760 2320 non
804 2255 1173 2339 ducebatur,
1217 2254 1331 2339 qui
1378 2253 1813 2337 stipulabatur
1825 2250 1865 2337 ⁵,
1912 2276 1992 2318 ex
2039 2275 2280 2338 sponsu

248 2346 497 2430 agebat.
591 2345 833 2409 iudices
889 2341 1416 2430 cognoscebant.⁶
1505 2342 1726 2427 iudex,
1773 2366 1965 2428 quam
2014 2343 2097 2408 ob
2142 2366 2280 2408 rem

248 2433 394 2498 data
460 2437 805 2517 acceptaue
867 2456 998 2497 non
1062 2437 1230 2498 esset
1292 2454 1477 2518 uxor,
1542 2433 1907 2517 quaerebat.
1999 2433 2056 2497 si
2113 2432 2280 2497 nihil
2309 2458 2360 2498 25

248 2522 455 2587 iustae
529 2544 757 2586 causae
830 2522 1195 2606 uidebatur,
1265 2522 1452 2588 litem
1525 2523 1797 2606 pecunia
1883 2522 2281 2607 aestimabat,

248 2612 605 2697 quantique
642 2611 1022 2675 interfuerat
1056 2633 1196 2675 eam
1225 2635 1490 2678 uxorem
1519 2611 1660 2676 dari
1688 2614 1800 2674 aut
1829 2611 2032 2694 accipi
2046 2609 2087 2696 ⁷,
2116 2634 2280 2695 eum,

249 2702 362 2784 qui
400 2700 855 2785 spoponderat,
891 2701 950 2765 ei
959 2699 1001 2781 ⁸,
1040 2700 1152 2784 qui
1191 2701 1539 2784 stipulatus
1578 2704 1734 2784 erat,
1772 2700 2280 2766 condemnabat'.

249 2790 370 2855 hoc
413 2792 519 2854 ius
578 2788 1053 2872 sponsaliorum
1109 2790 1522 2855 obseruatum
1570 2790 1729 2857 dicit
1779 2789 2040 2854 Seruius
2087 2790 2168 2853 ad
2213 2790 2282 2853 id

245 3026 346 3073 aut
379 3034 523 3073 mere
557 3020 922 3088 yrammatica
967 3024 1070 3073 aut
1110 3020 1321 3072 incerta
1366 3019 1550 3083 omisi,
1597 3018 1662 3072 de
1699 3018 1897 3086 quibus
1942 3019 2059 3072 nid.
2108 3019 2281 3073 Hertz

244 3090 279 3142 1.
306 3106 352 3145 e.
383 3107 444 3159 p.
468 3093 538 3142 58
556 3089 687 3158 seq)
730 3090 846 3144 Hu.
897 3149 902 3156 ‚
997 3091 1047 3155 1)
1082 3089 1261 3158 suppl.
1296 3089 1601 3143 Mommsen
1628 3089 1811 3159 Symb.
1842 3090 2056 3144 Bethm.
2076 3091 2279 3145 Hozzw.

243 3162 347 3215 obl.
381 3179 439 3230 p.
473 3164 542 3213 98
574 3187 642 3205 =
670 3160 795 3216 Jm.
826 3162 972 3216 θοὴν.
1001 3160 1068 3227 Π,
1098 3165 1182 3213 87.
1350 3161 1402 3228 2)
1439 3159 1673 3213 ductum
1703 3162 2023 3216 Mommsen.
2082 3161 2281 3215 ductu-

242 3248 368 3286 rum
420 3232 578 3287 codd.
717 3235 770 3302 3)
806 3232 862 3285 id
903 3232 1087 3286 eidem
1134 3233 1454 3286 Mommsen.
1511 3230 1713 3285 itidem
1758 3234 1911 3287 codd.
2057 3235 2112 3303 4)
2148 3233 2281 3286 hinc

244 3317 357 3360 ποῦ.
416 3320 569 3357 nunc
610 3304 681 3358 R.
737 3305 872 3357 tunc
908 3310 1021 3358 cett.
1060 3304 1211 3358 codd.
1269 3302 1408 3355 item
1446 3303 1565 3357 Hn.
1714 3306 1767 3373 5)
1806 3303 2109 3372 stipulatus
2161 3306 2282 3358 erat

236 3376 549 3444 postulavit
585 3375 703 3429 Hu.
835 3377 886 3444 6)
922 3374 1137 3429 iudices
1180 3372 1597 3444 cognoscebant
1629 3376 1892 3444 ylossema
1927 3391 2035 3430 esse
2071 3382 2284 3444 putant

248 3449 575 3512 Mommsen,
632 3447 818 3500 Lenel.
964 3448 1016 3515 7)
1054 3445 1177 3499 dari
1231 3447 1333 3499 aut
1373 3444 1558 3515 accipi
1596 3447 1714 3500 Hu.
1772 3446 1955 3515 accipi
2009 3450 2111 3500 aut
2156 3446 2280 3499 dari

239 3519 396 3574 codd.
538 3519 595 3587 8)
628 3518 809 3586 suppl.
849 3518 966 3572 Hn.

346 3619 565 3658 Ivmsmz.
593 3626 758 3658 numm.
787 3627 864 3656 nn.
895 3616 1366 3658 Seckel—Kubler.
1399 3618 1436 3657 I.
1929 3611 1959 3658 3
