<?xml version="1.0" encoding="UTF-8"?>
<!DOCTYPE html PUBLIC "-//W3C//DTD XHTML 1.0 Transitional//EN"
    "http://www.w3.org/TR/xhtml1/DTD/xhtml1-transitional.dtd">
<html xmlns="http://www.w3.org/1999/xhtml" xml:lang="en" lang="en">
 <head>
  <title>
</title>
<meta http-equiv="Content-Type" content="text/html;charset=utf-8" />
  <meta name='ocr-system' content='tesseract 3.04.00' />
  <meta name='ocr-capabilities' content='ocr_page ocr_carea ocr_par ocr_line ocrx_word'/>
</head>
<body>
  <div class='ocr_page' id='page_1' title='image "./ivrisprvdentiae00kbgoog/ivrisprvdentiae00kbgoog_0286.png"; bbox 0 0 2650 3917; ppageno 0'>
   <div class='ocr_carea' id='block_1_1' title="bbox 225 1409 326 1458">
    <p class='ocr_par' dir='ltr' id='par_1_1' title="bbox 225 1409 326 1458">
     <span class='ocr_line' id='line_1_1' title="bbox 225 1409 326 1458; baseline 0 0"><span class='ocrx_word' id='word_1_1' title='bbox 225 1409 326 1458; x_wconf 85' lang='lat'>113</span> 
     </span>
    </p>
   </div>
   <div class='ocr_carea' id='block_1_2' title="bbox 363 150 1796 214">
    <p class='ocr_par' dir='ltr' id='par_1_2' title="bbox 363 150 1796 214">
     <span class='ocr_line' id='line_1_2' title="bbox 363 150 1796 214; baseline -0.006 0"><span class='ocrx_word' id='word_1_2' title='bbox 363 150 495 214; x_wconf 81' lang='lat'>250</span> <span class='ocrx_word' id='word_1_3' title='bbox 961 150 1084 205; x_wconf 79' lang='lat' dir='ltr'>GAI</span> <span class='ocrx_word' id='word_1_4' title='bbox 1118 151 1372 205; x_wconf 82' lang='lat' dir='ltr'><strong>INSTIT.</strong></span> <span class='ocrx_word' id='word_1_5' title='bbox 1411 152 1462 204; x_wconf 93' lang='grc' dir='ltr'>Π</span> <span class='ocrx_word' id='word_1_6' title='bbox 1499 157 1796 206; x_wconf 76' lang='lat'><strong>226—228.</strong></span> 
     </span>
    </p>
   </div>
   <div class='ocr_carea' id='block_1_3' title="bbox 361 313 2400 2078">
    <p class='ocr_par' dir='ltr' id='par_1_3' title="bbox 361 313 2400 2078">
     <span class='ocr_line' id='line_1_3' title="bbox 363 313 2394 401; baseline -0.001 -22"><span class='ocrx_word' id='word_1_7' title='bbox 363 315 587 379; x_wconf 89' lang='lat' dir='ltr'>ceteris</span> <span class='ocrx_word' id='word_1_8' title='bbox 634 313 781 398; x_wconf 91' lang='lat' dir='ltr'>plus</span> <span class='ocrx_word' id='word_1_9' title='bbox 827 314 1005 378; x_wconf 93' lang='lat' dir='ltr'>mille</span> <span class='ocrx_word' id='word_1_10' title='bbox 1055 315 1305 379; x_wconf 84' lang='lat' dir='ltr'>assibus</span> <span class='ocrx_word' id='word_1_11' title='bbox 1360 316 1721 401; x_wconf 87' lang='lat' dir='ltr'>legatorum</span> <span class='ocrx_word' id='word_1_12' title='bbox 1768 317 2027 380; x_wconf 91' lang='lat' dir='ltr'>nomine</span> <span class='ocrx_word' id='word_1_13' title='bbox 2082 315 2394 380; x_wconf 86' lang='lat' dir='ltr'>mortisue</span> 
     </span>
     <span class='ocr_line' id='line_1_4' title="bbox 365 404 2396 489; baseline 0.001 -22"><span class='ocrx_word' id='word_1_14' title='bbox 365 426 554 469; x_wconf 89' lang='lat' dir='ltr'>causa</span> <span class='ocrx_word' id='word_1_15' title='bbox 599 425 824 489; x_wconf 81' lang='lat' dir='ltr'>capere</span> <span class='ocrx_word' id='word_1_16' title='bbox 869 405 1252 489; x_wconf 87' lang='lat' dir='ltr'>permissum</span> <span class='ocrx_word' id='word_1_17' title='bbox 1298 426 1431 468; x_wconf 93' lang='lat' dir='ltr'>non</span> <span class='ocrx_word' id='word_1_18' title='bbox 1468 411 1580 470; x_wconf 84' lang='lat' dir='ltr'>est.</span> <span class='ocrx_word' id='word_1_19' title='bbox 1675 406 1787 469; x_wconf 89' lang='lat' dir='ltr'>sed</span> <span class='ocrx_word' id='word_1_20' title='bbox 1822 412 1886 471; x_wconf 91' lang='lat' dir='ltr'>et</span> <span class='ocrx_word' id='word_1_21' title='bbox 1921 406 2082 470; x_wconf 89' lang='lat' dir='ltr'>haec</span> <span class='ocrx_word' id='word_1_22' title='bbox 2117 404 2221 467; x_wconf 86' lang='lat' dir='ltr'>lex</span> <span class='ocrx_word' id='word_1_23' title='bbox 2260 426 2396 469; x_wconf 93' lang='lat' dir='ltr'>non</span> 
     </span>
     <span class='ocr_line' id='line_1_5' title="bbox 363 493 2394 581; baseline 0 -24"><span class='ocrx_word' id='word_1_24' title='bbox 363 493 649 578; x_wconf 88' lang='lat' dir='ltr'>perfecit,</span> <span class='ocrx_word' id='word_1_25' title='bbox 695 493 864 576; x_wconf 91' lang='lat' dir='ltr'>quod</span> <span class='ocrx_word' id='word_1_26' title='bbox 923 493 1158 558; x_wconf 87' lang='lat' dir='ltr'>uoluit:</span> <span class='ocrx_word' id='word_1_27' title='bbox 1214 495 1326 576; x_wconf 90' lang='lat' dir='ltr'>qui</span> <span class='ocrx_word' id='word_1_28' title='bbox 1382 493 1552 559; x_wconf 89' lang='lat' dir='ltr'>enim</span> <span class='ocrx_word' id='word_1_29' title='bbox 1607 495 1790 558; x_wconf 87' lang='lat' dir='ltr'>uerbi</span> <span class='ocrx_word' id='word_1_30' title='bbox 1845 495 2053 581; x_wconf 87' lang='lat' dir='ltr'>gratia</span> <span class='ocrx_word' id='word_1_31' title='bbox 2108 494 2394 578; x_wconf 90' lang='lat' dir='ltr'>quinque</span> 
     </span>
     <span class='ocr_line' id='line_1_6' title="bbox 362 582 2394 669; baseline -0 -23"><span class='ocrx_word' id='word_1_32' title='bbox 362 583 614 647; x_wconf 89' lang='lat' dir='ltr'>milium</span> <span class='ocrx_word' id='word_1_33' title='bbox 669 583 831 646; x_wconf 87' lang='lat' dir='ltr'>aeris</span> <span class='ocrx_word' id='word_1_34' title='bbox 896 582 1355 667; x_wconf 66' lang='lat' dir='ltr'><strong>patrimonium</strong></span> <span class='ocrx_word' id='word_1_35' title='bbox 1421 583 1728 668; x_wconf 87' lang='lat' dir='ltr'>habebat,</span> <span class='ocrx_word' id='word_1_36' title='bbox 1790 588 2045 669; x_wconf 88' lang='lat' dir='ltr'>poterat</span> <span class='ocrx_word' id='word_1_37' title='bbox 2108 584 2394 667; x_wconf 89' lang='lat' dir='ltr'>quinque</span> 
     </span>
     <span class='ocr_line' id='line_1_7' title="bbox 363 672 2394 760; baseline 0 -26"><span class='ocrx_word' id='word_1_38' title='bbox 363 672 732 737; x_wconf 86' lang='lat' dir='ltr'>hominibus</span> <span class='ocrx_word' id='word_1_39' title='bbox 781 672 1053 758; x_wconf 87' lang='lat' dir='ltr'>singulis</span> <span class='ocrx_word' id='word_1_40' title='bbox 1090 672 1390 737; x_wconf 89' lang='lat' dir='ltr'>millenos</span> <span class='ocrx_word' id='word_1_41' title='bbox 1428 695 1601 738; x_wconf 89' lang='lat' dir='ltr'>asses</span> <span class='ocrx_word' id='word_1_42' title='bbox 1639 674 1913 760; x_wconf 84' lang='lat' dir='ltr'>legando</span> <span class='ocrx_word' id='word_1_43' title='bbox 1950 678 2160 738; x_wconf 89' lang='lat' dir='ltr'>totum</span> <span class='ocrx_word' id='word_1_44' title='bbox 2196 672 2394 755; x_wconf 91' lang='lat' dir='ltr'>patri-</span> 
     </span>
     <span class='ocr_line' id='line_1_8' title="bbox 362 760 2393 846; baseline -0.001 -20"><span class='ocrx_word' id='word_1_45' title='bbox 362 760 650 826; x_wconf 89' lang='lat' dir='ltr'>monium</span> <span class='ocrx_word' id='word_1_46' title='bbox 698 782 976 846; x_wconf 88' lang='lat' dir='ltr'>erogare.</span> <span class='ocrx_word' id='word_1_47' title='bbox 1070 761 1205 827; x_wconf 83' lang='lat'><strong>226.</strong></span> <span class='ocrx_word' id='word_1_48' title='bbox 1251 760 1404 826; x_wconf 92' lang='lat' dir='ltr'>Ideo</span> <span class='ocrx_word' id='word_1_49' title='bbox 1450 767 1675 846; x_wconf 89' lang='lat' dir='ltr'>postea</span> <span class='ocrx_word' id='word_1_50' title='bbox 1719 762 1850 827; x_wconf 89' lang='lat' dir='ltr'>lata</span> <span class='ocrx_word' id='word_1_51' title='bbox 1896 768 1993 828; x_wconf 88' lang='lat' dir='ltr'>est</span> <span class='ocrx_word' id='word_1_52' title='bbox 2037 763 2138 826; x_wconf 83' lang='lat' dir='ltr'>lex</span> <span class='ocrx_word' id='word_1_53' title='bbox 2184 760 2393 825; x_wconf 91' lang='lat' dir='ltr'>Voco-</span> 
     </span>
     <span class='ocr_line' id='line_1_9' title="bbox 361 851 2395 937; baseline -0.001 -22"><span class='ocrx_word' id='word_1_54' title='bbox 361 851 497 933; x_wconf 88' lang='lat' dir='ltr'>nia,</span> <span class='ocrx_word' id='word_1_55' title='bbox 544 873 672 934; x_wconf 89' lang='lat' dir='ltr'>qua</span> <span class='ocrx_word' id='word_1_56' title='bbox 718 855 974 915; x_wconf 87' lang='lat' dir='ltr'>cautum</span> <span class='ocrx_word' id='word_1_57' title='bbox 1027 856 1147 935; x_wconf 86' lang='lat' dir='ltr'>est,</span> <span class='ocrx_word' id='word_1_58' title='bbox 1203 873 1283 914; x_wconf 93' lang='lat' dir='ltr'>ne</span> <span class='ocrx_word' id='word_1_59' title='bbox 1341 854 1445 917; x_wconf 92' lang='lat' dir='ltr'>cui</span> <span class='ocrx_word' id='word_1_60' title='bbox 1500 851 1646 936; x_wconf 92' lang='lat' dir='ltr'>plus</span> <span class='ocrx_word' id='word_1_61' title='bbox 1710 851 2070 937; x_wconf 83' lang='lat' dir='ltr'>legatorum</span> <span class='ocrx_word' id='word_1_62' title='bbox 2132 851 2395 915; x_wconf 92' lang='lat' dir='ltr'>nomine</span> 
     </span>
     <span class='ocr_line' id='line_1_10' title="bbox 363 937 2395 1024; baseline -0.001 -19"><span class='ocrx_word' id='word_1_63' title='bbox 363 942 672 1005; x_wconf 86' lang='lat' dir='ltr'>mortisue</span> <span class='ocrx_word' id='word_1_64' title='bbox 710 961 899 1004; x_wconf 89' lang='lat' dir='ltr'>causa</span> <span class='ocrx_word' id='word_1_65' title='bbox 945 961 1168 1024; x_wconf 82' lang='lat' dir='ltr'>capere</span> <span class='ocrx_word' id='word_1_66' title='bbox 1214 941 1453 1024; x_wconf 89' lang='lat' dir='ltr'>liceret,</span> <span class='ocrx_word' id='word_1_67' title='bbox 1491 963 1683 1024; x_wconf 89' lang='lat' dir='ltr'>quam</span> <span class='ocrx_word' id='word_1_68' title='bbox 1728 941 1993 1005; x_wconf 87' lang='lat' dir='ltr'>heredes</span> <span class='ocrx_word' id='word_1_69' title='bbox 2041 945 2356 1023; x_wconf 76' lang='lat' dir='ltr'>caperent.</span> <span class='ocrx_word' id='word_1_70' title='bbox 2373 937 2395 975; x_wconf 82' lang='lat'><strong>¹</strong></span> 
     </span>
     <span class='ocr_line' id='line_1_11' title="bbox 365 1028 2395 1115; baseline -0 -21"><span class='ocrx_word' id='word_1_71' title='bbox 365 1052 444 1094; x_wconf 86' lang='lat' dir='ltr'>ex</span> <span class='ocrx_word' id='word_1_72' title='bbox 511 1052 638 1113; x_wconf 91' lang='lat' dir='ltr'>qua</span> <span class='ocrx_word' id='word_1_73' title='bbox 700 1028 843 1115; x_wconf 83' lang='lat' dir='ltr'>lege</span> <span class='ocrx_word' id='word_1_74' title='bbox 915 1031 1106 1113; x_wconf 89' lang='lat' dir='ltr'>plane</span> <span class='ocrx_word' id='word_1_75' title='bbox 1180 1030 1439 1113; x_wconf 90' lang='lat' dir='ltr'>quidem</span> <span class='ocrx_word' id='word_1_76' title='bbox 1514 1030 1759 1115; x_wconf 85' lang='lat' dir='ltr'>aliquid</span> <span class='ocrx_word' id='word_1_77' title='bbox 1830 1030 2057 1114; x_wconf 88' lang='lat' dir='ltr'>utique</span> <span class='ocrx_word' id='word_1_78' title='bbox 2128 1028 2395 1093; x_wconf 88' lang='lat' dir='ltr'>heredes</span> 
     </span>
     <span class='ocr_line' id='line_1_12' title="bbox 363 1118 2394 1203; baseline 0 -21"><span class='ocrx_word' id='word_1_79' title='bbox 363 1118 599 1184; x_wconf 89' lang='lat' dir='ltr'>habere</span> <span class='ocrx_word' id='word_1_80' title='bbox 645 1118 1055 1203; x_wconf 83' lang='lat' dir='ltr'>uidebantnr3</span> <span class='ocrx_word' id='word_1_81' title='bbox 1103 1120 1213 1183; x_wconf 86' lang='lat' dir='ltr'>sed</span> <span class='ocrx_word' id='word_1_82' title='bbox 1249 1125 1463 1184; x_wconf 90' lang='lat' dir='ltr'>tamen</span> <span class='ocrx_word' id='word_1_83' title='bbox 1500 1121 1633 1184; x_wconf 89' lang='lat' dir='ltr'>fere</span> <span class='ocrx_word' id='word_1_84' title='bbox 1662 1120 1894 1185; x_wconf 89' lang='lat' dir='ltr'>uitium</span> <span class='ocrx_word' id='word_1_85' title='bbox 1933 1118 2139 1185; x_wconf 92' lang='lat' dir='ltr'>simile</span> <span class='ocrx_word' id='word_1_86' title='bbox 2177 1140 2394 1183; x_wconf 89' lang='lat' dir='ltr'>nasce-</span> 
     </span>
     <span class='ocr_line' id='line_1_13' title="bbox 362 1206 2395 1294; baseline 0 -21"><span class='ocrx_word' id='word_1_87' title='bbox 362 1206 607 1273; x_wconf 74' lang='lat' dir='ltr'>batur.²</span> <span class='ocrx_word' id='word_1_88' title='bbox 669 1230 818 1273; x_wconf 87' lang='lat' dir='ltr'>nam</span> <span class='ocrx_word' id='word_1_89' title='bbox 855 1210 918 1273; x_wconf 92' lang='lat' dir='ltr'>in</span> <span class='ocrx_word' id='word_1_90' title='bbox 959 1207 1195 1273; x_wconf 89' lang='lat' dir='ltr'>multas</span> <span class='ocrx_word' id='word_1_91' title='bbox 1225 1208 1685 1294; x_wconf 85' lang='lat' dir='ltr'>legatariorum</span> <span class='ocrx_word' id='word_1_92' title='bbox 1714 1230 2018 1294; x_wconf 87' lang='lat' dir='ltr'>personas</span> <span class='ocrx_word' id='word_1_93' title='bbox 2050 1208 2395 1273; x_wconf 87' lang='lat' dir='ltr'>distributo</span> 
     </span>
     <span class='ocr_line' id='line_1_14' title="bbox 363 1298 2390 1381; baseline -0 -19"><span class='ocrx_word' id='word_1_94' title='bbox 363 1298 753 1381; x_wconf 88' lang='lat' dir='ltr'>patrimonio</span> <span class='ocrx_word' id='word_1_95' title='bbox 801 1302 1053 1381; x_wconf 88' lang='lat' dir='ltr'>poterat</span> <span class='ocrx_word' id='word_1_96' title='bbox 1089 1303 1337 1363; x_wconf 74' lang='lat' dir='ltr'>testator</span> <span class='ocrx_word' id='word_1_97' title='bbox 1373 1299 1529 1362; x_wconf 87' lang='lat' dir='ltr'>adeo</span> <span class='ocrx_word' id='word_1_98' title='bbox 1566 1298 1787 1363; x_wconf 86' lang='lat' dir='ltr'>heredi</span> <span class='ocrx_word' id='word_1_99' title='bbox 1833 1299 2168 1363; x_wconf 91' lang='lat' dir='ltr'>minimum</span> <span class='ocrx_word' id='word_1_100' title='bbox 2205 1298 2390 1362; x_wconf 80' lang='lat' dir='ltr'>relin-</span> 
     </span>
     <span class='ocr_line' id='line_1_15' title="bbox 366 1383 2400 1475; baseline 0 -24"><span class='ocrx_word' id='word_1_101' title='bbox 366 1409 585 1470; x_wconf 85' lang='lat' dir='ltr'>quere,</span> <span class='ocrx_word' id='word_1_102' title='bbox 632 1391 706 1451; x_wconf 89' lang='lat' dir='ltr'>ut</span> <span class='ocrx_word' id='word_1_103' title='bbox 748 1408 881 1451; x_wconf 91' lang='lat' dir='ltr'>non</span> <span class='ocrx_word' id='word_1_104' title='bbox 927 1388 1255 1471; x_wconf 71' lang='lat' dir='ltr'>expediret</span> <span class='ocrx_word' id='word_1_105' title='bbox 1307 1387 1529 1452; x_wconf 90' lang='lat' dir='ltr'>heredi</span> <span class='ocrx_word' id='word_1_106' title='bbox 1572 1388 1764 1452; x_wconf 89' lang='lat' dir='ltr'>huius</span> <span class='ocrx_word' id='word_1_107' title='bbox 1811 1389 1975 1452; x_wconf 91' lang='lat' dir='ltr'>lucri</span> <span class='ocrx_word' id='word_1_108' title='bbox 2029 1383 2257 1475; x_wconf 67' lang='lat' dir='ltr'>graltia</span> <span class='ocrx_word' id='word_1_109' title='bbox 2302 1393 2400 1452; x_wconf 91' lang='lat' dir='ltr'>to·</span> 
     </span>
     <span class='ocr_line' id='line_1_16' title="bbox 363 1476 2397 1560; baseline -0 -20"><span class='ocrx_word' id='word_1_110' title='bbox 363 1478 492 1541; x_wconf 90' lang='lat' dir='ltr'>tius</span> <span class='ocrx_word' id='word_1_111' title='bbox 538 1476 912 1541; x_wconf 87' lang='lat' dir='ltr'>hereditatis</span> <span class='ocrx_word' id='word_1_112' title='bbox 959 1498 1153 1541; x_wconf 89' lang='lat' dir='ltr'>onera</span> <span class='ocrx_word' id='word_1_113' title='bbox 1200 1477 1530 1541; x_wconf 87' lang='lat' dir='ltr'>sustinere.</span> <span class='ocrx_word' id='word_1_114' title='bbox 1623 1477 1757 1542; x_wconf 88' lang='grc'><strong>227.</strong></span> <span class='ocrx_word' id='word_1_115' title='bbox 1804 1476 1965 1542; x_wconf 84' lang='lat' dir='ltr'>Lata</span> <span class='ocrx_word' id='word_1_116' title='bbox 2024 1482 2122 1542; x_wconf 88' lang='lat' dir='ltr'>est</span> <span class='ocrx_word' id='word_1_117' title='bbox 2178 1477 2397 1560; x_wconf 89' lang='lat' dir='ltr'>itaque</span> 
     </span>
     <span class='ocr_line' id='line_1_17' title="bbox 365 1564 2398 1652; baseline 0.001 -24"><span class='ocrx_word' id='word_1_118' title='bbox 365 1564 470 1628; x_wconf 87' lang='lat' dir='ltr'>lex</span> <span class='ocrx_word' id='word_1_119' title='bbox 515 1564 818 1647; x_wconf 79' lang='lat' dir='ltr'>Falcidia,</span> <span class='ocrx_word' id='word_1_120' title='bbox 866 1588 992 1649; x_wconf 89' lang='lat' dir='ltr'>qua</span> <span class='ocrx_word' id='word_1_121' title='bbox 1040 1570 1297 1631; x_wconf 88' lang='lat' dir='ltr'>cautum</span> <span class='ocrx_word' id='word_1_122' title='bbox 1348 1570 1468 1650; x_wconf 88' lang='lat' dir='ltr'>est,</span> <span class='ocrx_word' id='word_1_123' title='bbox 1516 1589 1596 1630; x_wconf 90' lang='lat' dir='ltr'>ne</span> <span class='ocrx_word' id='word_1_124' title='bbox 1641 1566 1789 1650; x_wconf 86' lang='lat' dir='ltr'>plus</span> <span class='ocrx_word' id='word_1_125' title='bbox 1836 1567 1896 1630; x_wconf 90' lang='lat' dir='ltr'>ei</span> <span class='ocrx_word' id='word_1_126' title='bbox 1941 1567 2157 1652; x_wconf 83' lang='lat' dir='ltr'>legare</span> <span class='ocrx_word' id='word_1_127' title='bbox 2202 1564 2398 1631; x_wconf 89' lang='lat' dir='ltr'>liceat</span> 
     </span>
     <span class='ocr_line' id='line_1_18' title="bbox 365 1654 2394 1740; baseline 0 -22"><span class='ocrx_word' id='word_1_128' title='bbox 365 1677 560 1738; x_wconf 89' lang='lat' dir='ltr'>quam</span> <span class='ocrx_word' id='word_1_129' title='bbox 609 1654 1004 1720; x_wconf 71' lang='lat' dir='ltr'>dodrantem:</span> <span class='ocrx_word' id='word_1_130' title='bbox 1054 1656 1270 1739; x_wconf 89' lang='lat' dir='ltr'>itaque</span> <span class='ocrx_word' id='word_1_131' title='bbox 1316 1677 1572 1721; x_wconf 89' lang='lat' dir='ltr'>necesse</span> <span class='ocrx_word' id='word_1_132' title='bbox 1610 1662 1725 1737; x_wconf 82' lang='lat' dir='ltr'>est,</span> <span class='ocrx_word' id='word_1_133' title='bbox 1761 1661 1835 1720; x_wconf 89' lang='lat' dir='ltr'>ut</span> <span class='ocrx_word' id='word_1_134' title='bbox 1870 1655 2057 1721; x_wconf 85' lang='lat' dir='ltr'>heres</span> <span class='ocrx_word' id='word_1_135' title='bbox 2100 1661 2394 1740; x_wconf 87' lang='lat' dir='ltr'>quartam</span> 
     </span>
     <span class='ocr_line' id='line_1_19' title="bbox 363 1743 2395 1829; baseline -0 -20"><span class='ocrx_word' id='word_1_136' title='bbox 363 1749 611 1829; x_wconf 88' lang='lat' dir='ltr'>partem</span> <span class='ocrx_word' id='word_1_137' title='bbox 658 1744 1032 1810; x_wconf 87' lang='lat' dir='ltr'>hereditatis</span> <span class='ocrx_word' id='word_1_138' title='bbox 1079 1744 1340 1809; x_wconf 88' lang='lat' dir='ltr'>habeat:</span> <span class='ocrx_word' id='word_1_139' title='bbox 1399 1751 1463 1810; x_wconf 94' lang='lat' dir='ltr'>et</span> <span class='ocrx_word' id='word_1_140' title='bbox 1508 1745 1635 1809; x_wconf 90' lang='lat' dir='ltr'>hoc</span> <span class='ocrx_word' id='word_1_141' title='bbox 1686 1743 1897 1810; x_wconf 76' lang='lat' dir='ltr'>nunc²³</span> <span class='ocrx_word' id='word_1_142' title='bbox 1942 1745 2079 1809; x_wconf 94' lang='lat' dir='ltr'>iure</span> <span class='ocrx_word' id='word_1_143' title='bbox 2134 1746 2395 1810; x_wconf 91' lang='lat' dir='ltr'>utimur.</span> 
     </span>
     <span class='ocr_line' id='line_1_20' title="bbox 365 1832 2398 1918; baseline 0.001 -21"><span class='ocrx_word' id='word_1_144' title='bbox 365 1834 500 1900; x_wconf 91' lang='grc'><strong>228.</strong></span> <span class='ocrx_word' id='word_1_145' title='bbox 547 1832 626 1898; x_wconf 90' lang='lat' dir='ltr'>In</span> <span class='ocrx_word' id='word_1_146' title='bbox 683 1833 1092 1898; x_wconf 82' lang='lat' dir='ltr'>libertatibus</span> <span class='ocrx_word' id='word_1_147' title='bbox 1151 1855 1409 1918; x_wconf 89' lang='lat' dir='ltr'>quoque</span> <span class='ocrx_word' id='word_1_148' title='bbox 1466 1835 1692 1899; x_wconf 89' lang='lat' dir='ltr'>dandis</span> <span class='ocrx_word' id='word_1_149' title='bbox 1746 1834 2013 1899; x_wconf 89' lang='lat' dir='ltr'>nimiam</span> <span class='ocrx_word' id='word_1_150' title='bbox 2068 1834 2398 1900; x_wconf 79' lang='lat' dir='ltr'>licentiam</span> 
     </span>
     <span class='ocr_line' id='line_1_21' title="bbox 365 1922 2397 2009; baseline -0 -22"><span class='ocrx_word' id='word_1_151' title='bbox 365 1925 737 2009; x_wconf 87' lang='lat' dir='ltr'>conpescuit</span> <span class='ocrx_word' id='word_1_152' title='bbox 781 1922 887 1987; x_wconf 86' lang='lat' dir='ltr'>lex</span> <span class='ocrx_word' id='word_1_153' title='bbox 933 1922 1117 1988; x_wconf 84' lang='lat' dir='ltr'>Fufia</span> <span class='ocrx_word' id='word_1_154' title='bbox 1167 1922 1460 2007; x_wconf 85' lang='lat' dir='ltr'>Caninia,</span> <span class='ocrx_word' id='word_1_155' title='bbox 1508 1924 1675 1989; x_wconf 89' lang='lat' dir='ltr'>sicut</span> <span class='ocrx_word' id='word_1_156' title='bbox 1720 1925 1786 1987; x_wconf 89' lang='lat' dir='ltr'>in</span> <span class='ocrx_word' id='word_1_157' title='bbox 1834 1926 2040 2009; x_wconf 91' lang='lat' dir='ltr'>primo</span> <span class='ocrx_word' id='word_1_158' title='bbox 2098 1945 2397 1988; x_wconf 85' lang='lat' dir='ltr'>conmen-</span> 
     </span>
     <span class='ocr_line' id='line_1_22' title="bbox 363 2013 958 2078; baseline -0.005 0"><span class='ocrx_word' id='word_1_159' title='bbox 363 2014 529 2078; x_wconf 87' lang='lat' dir='ltr'>tario</span> <span class='ocrx_word' id='word_1_160' title='bbox 577 2013 958 2078; x_wconf 82' lang='lat' dir='ltr'>rettulimus,</span> 
     </span>
    </p>
   </div>
   <div class='ocr_carea' id='block_1_4' title="bbox 365 2132 605 2139">
    <p class='ocr_par' dir='ltr' id='par_1_4' title="bbox 365 2132 605 2139">
     <span class='ocr_line' id='line_1_23' title="bbox 365 2132 605 2139; baseline 0 1778"><span class='ocrx_word' id='word_1_161' title='bbox 365 2132 605 2139; x_wconf 95' lang='lat' dir='ltr'> </span> 
     </span>
    </p>
   </div>
   <div class='ocr_carea' id='block_1_5' title="bbox 608 2132 789 2137">
    <p class='ocr_par' dir='ltr' id='par_1_5' title="bbox 608 2132 789 2137">
     <span class='ocr_line' id='line_1_24' title="bbox 608 2132 789 2137; baseline 0 0"><span class='ocrx_word' id='word_1_162' title='bbox 608 2132 789 2137; x_wconf 95' lang='lat' dir='ltr'> </span> 
     </span>
    </p>
   </div>
   <div class='ocr_carea' id='block_1_6' title="bbox 362 2188 2435 3616">
    <p class='ocr_par' dir='ltr' id='par_1_6' title="bbox 362 2188 2435 3616">
     <span class='ocr_line' id='line_1_25' title="bbox 509 2188 2197 2258; baseline -0.001 -16"><span class='ocrx_word' id='word_1_163' title='bbox 509 2191 560 2258; x_wconf 94' lang='lat'>1)</span> <span class='ocrx_word' id='word_1_164' title='bbox 599 2190 933 2258; x_wconf 83' lang='lat' dir='ltr'>caperentur</span> <span class='ocrx_word' id='word_1_165' title='bbox 968 2188 1035 2243; x_wconf 94' lang='lat' dir='ltr'>V.</span> <span class='ocrx_word' id='word_1_166' title='bbox 1183 2191 1235 2257; x_wconf 91' lang='grc'><strong>2)</strong></span> <span class='ocrx_word' id='word_1_167' title='bbox 1272 2188 1651 2243; x_wconf 86' lang='lat' dir='ltr'>nascebantur</span> <span class='ocrx_word' id='word_1_168' title='bbox 1686 2188 1752 2243; x_wconf 88' lang='lat' dir='ltr'>V.</span> <span class='ocrx_word' id='word_1_169' title='bbox 1900 2191 1952 2258; x_wconf 88' lang='lat'>3)</span> <span class='ocrx_word' id='word_1_170' title='bbox 1990 2204 2094 2242; x_wconf 88' lang='lat' dir='ltr'>nec</span> <span class='ocrx_word' id='word_1_171' title='bbox 2130 2188 2197 2241; x_wconf 91' lang='lat' dir='ltr'>V.</span> 
     </span>
     <span class='ocr_line' id='line_1_26' title="bbox 362 2331 2402 2399; baseline -0 -13"><span class='ocrx_word' id='word_1_172' title='bbox 362 2334 549 2399; x_wconf 77' lang='lat' dir='ltr'>fictam</span> <span class='ocrx_word' id='word_1_173' title='bbox 604 2348 711 2386; x_wconf 79' lang='lat' dir='ltr'>esse</span> <span class='ocrx_word' id='word_1_174' title='bbox 764 2333 994 2386; x_wconf 81' lang='lat' dir='ltr'>videtur.</span> <span class='ocrx_word' id='word_1_175' title='bbox 1083 2332 1151 2399; x_wconf 79' lang='lat' dir='ltr'><strong>cf.</strong></span> <span class='ocrx_word' id='word_1_176' title='bbox 1191 2333 1458 2396; x_wconf 77' lang='lat' dir='ltr'>Lawieki,</span> <span class='ocrx_word' id='word_1_177' title='bbox 1513 2332 1578 2386; x_wconf 80' lang='lat' dir='ltr'>de</span> <span class='ocrx_word' id='word_1_178' title='bbox 1632 2332 1860 2386; x_wconf 79' lang='lat' dir='ltr'>Fraude</span> <span class='ocrx_word' id='word_1_179' title='bbox 1915 2332 2090 2385; x_wconf 80' lang='lat' dir='ltr'>Pauli</span> <span class='ocrx_word' id='word_1_180' title='bbox 2144 2331 2402 2385; x_wconf 73' lang='lat' dir='ltr'>Merulae</span> 
     </span>
     <span class='ocr_line' id='line_1_27' title="bbox 364 2402 2399 2472; baseline 0 -15"><span class='ocrx_word' id='word_1_181' title='bbox 364 2404 759 2458; x_wconf 72' lang='lat' dir='ltr'>Ennianoram</span> <span class='ocrx_word' id='word_1_182' title='bbox 787 2404 1101 2458; x_wconf 73' lang='lat' dir='ltr'>Annalium</span> <span class='ocrx_word' id='word_1_183' title='bbox 1138 2405 1364 2458; x_wconf 77' lang='lat' dir='ltr'>editoris</span> <span class='ocrx_word' id='word_1_184' title='bbox 1392 2405 1597 2472; x_wconf 82' lang='lat' dir='ltr'><strong>(Bown.</strong></span> <span class='ocrx_word' id='word_1_185' title='bbox 1631 2405 1790 2472; x_wconf 80' lang='grc'><strong>1852)</strong></span> <span class='ocrx_word' id='word_1_186' title='bbox 1829 2407 1881 2457; x_wconf 82' lang='lat' dir='ltr'>et</span> <span class='ocrx_word' id='word_1_187' title='bbox 1906 2403 2156 2467; x_wconf 73' lang='lat' dir='ltr'>Ketbner,</span> <span class='ocrx_word' id='word_1_188' title='bbox 2186 2402 2273 2455; x_wconf 85' lang='lat' dir='ltr'>M.</span> <span class='ocrx_word' id='word_1_189' title='bbox 2303 2404 2399 2457; x_wconf 82' lang='lat' dir='ltr'>Tc-</span> 
     </span>
     <span class='ocr_line' id='line_1_28' title="bbox 362 2474 2400 2544; baseline -0.002 -14"><span class='ocrx_word' id='word_1_190' title='bbox 362 2477 508 2530; x_wconf 78' lang='lat' dir='ltr'>renti</span> <span class='ocrx_word' id='word_1_191' title='bbox 540 2476 809 2530; x_wconf 75' lang='lat' dir='ltr'>Varronis</span> <span class='ocrx_word' id='word_1_192' title='bbox 835 2476 901 2529; x_wconf 83' lang='lat' dir='ltr'>de</span> <span class='ocrx_word' id='word_1_193' title='bbox 927 2475 1043 2530; x_wconf 85' lang='lat' dir='ltr'>vita</span> <span class='ocrx_word' id='word_1_194' title='bbox 1071 2477 1276 2544; x_wconf 77' lang='lat' dir='ltr'>populi</span> <span class='ocrx_word' id='word_1_195' title='bbox 1303 2476 1550 2530; x_wconf 78' lang='lat' dir='ltr'>Romami</span> <span class='ocrx_word' id='word_1_196' title='bbox 1583 2492 1721 2543; x_wconf 77' lang='lat' dir='ltr'>qaae</span> <span class='ocrx_word' id='word_1_197' title='bbox 1757 2479 1987 2529; x_wconf 74' lang='lat' dir='ltr'>exstant.</span> <span class='ocrx_word' id='word_1_198' title='bbox 2057 2474 2228 2528; x_wconf 80' lang='lat' dir='ltr'>Halis</span> <span class='ocrx_word' id='word_1_199' title='bbox 2259 2479 2400 2528; x_wconf 83' lang='lat'><strong>1863</strong></span> 
     </span>
     <span class='ocr_line' id='line_1_29' title="bbox 364 2546 2401 2616; baseline 0 -16"><span class='ocrx_word' id='word_1_200' title='bbox 364 2565 417 2616; x_wconf 88' lang='lat' dir='ltr'>p.</span> <span class='ocrx_word' id='word_1_201' title='bbox 449 2551 534 2600; x_wconf 91' lang='grc'>40.</span> <span class='ocrx_word' id='word_1_202' title='bbox 611 2547 722 2602; x_wconf 78' lang='lat' dir='ltr'><strong>Cic.</strong></span> <span class='ocrx_word' id='word_1_203' title='bbox 760 2548 824 2601; x_wconf 73' lang='lat' dir='ltr'>in</span> <span class='ocrx_word' id='word_1_204' title='bbox 863 2547 1010 2602; x_wconf 82' lang='lat' dir='ltr'>Verr.</span> <span class='ocrx_word' id='word_1_205' title='bbox 1042 2553 1092 2614; x_wconf 82' lang='lat'>2,</span> <span class='ocrx_word' id='word_1_206' title='bbox 1123 2554 1172 2614; x_wconf 95' lang='lat'>1,</span> <span class='ocrx_word' id='word_1_207' title='bbox 1201 2551 1288 2614; x_wconf 91' lang='grc'><strong>42,</strong></span> <span class='ocrx_word' id='word_1_208' title='bbox 1319 2552 1422 2601; x_wconf 96' lang='grc'>109</span> <span class='ocrx_word' id='word_1_209' title='bbox 1461 2563 1584 2601; x_wconf 80' lang='lat' dir='ltr'>cum</span> <span class='ocrx_word' id='word_1_210' title='bbox 1621 2547 1713 2600; x_wconf 83' lang='lat' dir='ltr'><strong>Ps.</strong></span> <span class='ocrx_word' id='word_1_211' title='bbox 1745 2546 1870 2600; x_wconf 80' lang='lat' dir='ltr'>Asc.</span> <span class='ocrx_word' id='word_1_212' title='bbox 1901 2548 1982 2614; x_wconf 70' lang='lat' dir='ltr'><strong>(p.</strong></span> <span class='ocrx_word' id='word_1_213' title='bbox 2017 2550 2119 2599; x_wconf 92' lang='grc'>190</span> <span class='ocrx_word' id='word_1_214' title='bbox 2140 2546 2250 2614; x_wconf 91' lang='lat' dir='ltr'><strong>B.).</strong></span> <span class='ocrx_word' id='word_1_215' title='bbox 2290 2563 2401 2614; x_wconf 75' lang='lat' dir='ltr'>pro</span> 
     </span>
     <span class='ocr_line' id='line_1_30' title="bbox 364 2620 2401 2758; baseline -0 -15"><span class='ocrx_word' id='word_1_216' title='bbox 364 2620 536 2755; x_wconf 54' lang='lat' dir='ltr'><em>Balbe}</em></span> <span class='ocrx_word' id='word_1_217' title='bbox 567 2622 731 2743; x_wconf 44' lang='grc' dir='ltr'><strong>82’2ε25.1.</strong></span> <span class='ocrx_word' id='word_1_218' title='bbox 756 2690 823 2757; x_wconf 79' lang='lat' dir='ltr'><strong>cf.</strong></span> <span class='ocrx_word' id='word_1_219' title='bbox 854 2691 903 2744; x_wconf 91' lang='lat' dir='ltr'>I.</span> <span class='ocrx_word' id='word_1_220' title='bbox 934 2696 985 2758; x_wconf 90' lang='grc'><strong>2,</strong></span> <span class='ocrx_word' id='word_1_221' title='bbox 1014 2696 1081 2743; x_wconf 89' lang='grc'>22</span> <span class='ocrx_word' id='word_1_222' title='bbox 1092 2707 1184 2758; x_wconf 80' lang='lat' dir='ltr'>pr.</span> <span class='ocrx_word' id='word_1_223' title='bbox 1242 2706 1366 2743; x_wconf 80' lang='lat' dir='ltr'>cum</span> <span class='ocrx_word' id='word_1_224' title='bbox 1409 2690 1640 2758; x_wconf 78' lang='lat' dir='ltr'>Theoph.</span> <span class='ocrx_word' id='word_1_225' title='bbox 1672 2691 1752 2758; x_wconf 76' lang='lat' dir='ltr'><strong>(p.</strong></span> <span class='ocrx_word' id='word_1_226' title='bbox 1783 2693 1887 2742; x_wconf 92' lang='grc'><strong>233</strong></span> <span class='ocrx_word' id='word_1_227' title='bbox 1908 2688 2104 2756; x_wconf 83' lang='lat' dir='ltr'><strong>Ferr.).</strong></span> <span class='ocrx_word' id='word_1_228' title='bbox 2160 2686 2252 2740; x_wconf 84' lang='lat' dir='ltr'>lex</span> <span class='ocrx_word' id='word_1_229' title='bbox 2288 2687 2401 2742; x_wconf 91' lang='lat' dir='ltr'>Vo-</span> 
     </span>
     <span class='ocr_line' id='line_1_31' title="bbox 365 2760 2401 2846; baseline -0.001 -32"><span class='ocrx_word' id='word_1_230' title='bbox 365 2762 550 2846; x_wconf 78' lang='lat' dir='ltr'>conia]</span> <span class='ocrx_word' id='word_1_231' title='bbox 591 2779 642 2815; x_wconf 93' lang='lat' dir='ltr'><strong>a.</strong></span> <span class='ocrx_word' id='word_1_232' title='bbox 676 2780 733 2816; x_wconf 80' lang='lat' dir='ltr'>u.</span> <span class='ocrx_word' id='word_1_233' title='bbox 773 2767 876 2815; x_wconf 81' lang='lat'>585</span> <span class='ocrx_word' id='word_1_234' title='bbox 907 2789 975 2807; x_wconf 93' lang='lat'>=</span> <span class='ocrx_word' id='word_1_235' title='bbox 1005 2779 1057 2815; x_wconf 92' lang='lat' dir='ltr'><strong>a.</strong></span> <span class='ocrx_word' id='word_1_236' title='bbox 1098 2761 1223 2817; x_wconf 74' lang='lat' dir='ltr'><strong>chr.</strong></span> <span class='ocrx_word' id='word_1_237' title='bbox 1264 2766 1385 2813; x_wconf 84' lang='lat'><strong>169.</strong></span> <span class='ocrx_word' id='word_1_238' title='bbox 1442 2760 1510 2827; x_wconf 79' lang='lat' dir='ltr'><strong>cf.</strong></span> <span class='ocrx_word' id='word_1_239' title='bbox 1552 2761 1662 2816; x_wconf 78' lang='lat' dir='ltr'><strong>Cic.</strong></span> <span class='ocrx_word' id='word_1_240' title='bbox 1699 2761 1763 2814; x_wconf 76' lang='lat' dir='ltr'>in</span> <span class='ocrx_word' id='word_1_241' title='bbox 1811 2761 1960 2816; x_wconf 83' lang='lat' dir='ltr'>Verr.</span> <span class='ocrx_word' id='word_1_242' title='bbox 2000 2765 2051 2826; x_wconf 92' lang='grc'><strong>2,</strong></span> <span class='ocrx_word' id='word_1_243' title='bbox 2082 2765 2131 2827; x_wconf 93' lang='grc'>1,</span> <span class='ocrx_word' id='word_1_244' title='bbox 2159 2763 2247 2826; x_wconf 90' lang='grc'>43,</span> <span class='ocrx_word' id='word_1_245' title='bbox 2281 2765 2401 2812; x_wconf 88' lang='grc'>110.</span> 
     </span>
     <span class='ocr_line' id='line_1_32' title="bbox 364 2834 2401 2975; baseline -0.001 -18"><span class='ocrx_word' id='word_1_246' title='bbox 364 2834 537 2971; x_wconf 56' lang='lat' dir='ltr'>mm}</span> <span class='ocrx_word' id='word_1_247' title='bbox 559 2837 847 2958; x_wconf 49' lang='lat' dir='ltr'>²522vi4‘1ex</span> <span class='ocrx_word' id='word_1_248' title='bbox 882 2904 1157 2975; x_wconf 73' lang='lat' dir='ltr'>Falcidia]</span> <span class='ocrx_word' id='word_1_249' title='bbox 1218 2922 1268 2958; x_wconf 78' lang='lat' dir='ltr'><strong>a.</strong></span> <span class='ocrx_word' id='word_1_250' title='bbox 1307 2921 1364 2957; x_wconf 72' lang='lat' dir='ltr'><strong>u.</strong></span> <span class='ocrx_word' id='word_1_251' title='bbox 1406 2908 1526 2970; x_wconf 82' lang='lat'>714,</span> <span class='ocrx_word' id='word_1_252' title='bbox 1582 2921 1632 2957; x_wconf 83' lang='lat' dir='ltr'><strong>a.</strong></span> <span class='ocrx_word' id='word_1_253' title='bbox 1676 2904 1799 2958; x_wconf 71' lang='lat' dir='ltr'>chr.</span> <span class='ocrx_word' id='word_1_254' title='bbox 1839 2907 1924 2955; x_wconf 85' lang='lat'>40.</span> <span class='ocrx_word' id='word_1_255' title='bbox 2000 2904 2068 2969; x_wconf 78' lang='lat' dir='ltr'>cf.</span> <span class='ocrx_word' id='word_1_256' title='bbox 2114 2902 2228 2957; x_wconf 61' lang='lat' dir='ltr'>aas·</span> <span class='ocrx_word' id='word_1_257' title='bbox 2273 2884 2401 2971; x_wconf 57' lang='lat' dir='ltr'>epa.</span> 
     </span>
     <span class='ocr_line' id='line_1_33' title="bbox 365 2976 2403 3046; baseline -0 -18"><span class='ocrx_word' id='word_1_258' title='bbox 365 2982 416 3043; x_wconf 78' lang='lat'>2,</span> <span class='ocrx_word' id='word_1_259' title='bbox 447 2981 496 3029; x_wconf 81' lang='lat'>6.</span> <span class='ocrx_word' id='word_1_260' title='bbox 570 2980 619 3031; x_wconf 89' lang='grc' dir='ltr'>Ι.</span> <span class='ocrx_word' id='word_1_261' title='bbox 660 2983 709 3044; x_wconf 82' lang='lat'>2,</span> <span class='ocrx_word' id='word_1_262' title='bbox 740 2983 910 3046; x_wconf 55' lang='grc' dir='ltr'>πμ.</span> <span class='ocrx_word' id='word_1_263' title='bbox 996 2977 1117 3045; x_wconf 77' lang='lat' dir='ltr'><strong>Uzp.</strong></span> <span class='ocrx_word' id='word_1_264' title='bbox 1166 2980 1252 3043; x_wconf 81' lang='lat'>24,</span> <span class='ocrx_word' id='word_1_265' title='bbox 1283 2980 1367 3028; x_wconf 82' lang='lat'>32.</span> <span class='ocrx_word' id='word_1_266' title='bbox 1444 2977 1608 3030; x_wconf 78' lang='lat' dir='ltr'><strong>Paul.</strong></span> <span class='ocrx_word' id='word_1_267' title='bbox 1659 2979 1708 3042; x_wconf 84' lang='lat'>3,</span> <span class='ocrx_word' id='word_1_268' title='bbox 1738 2979 1789 3042; x_wconf 83' lang='lat' dir='ltr'>s,</span> <span class='ocrx_word' id='word_1_269' title='bbox 1820 2981 1867 3028; x_wconf 94' lang='lat'>1.</span> <span class='ocrx_word' id='word_1_270' title='bbox 1942 2976 2019 3028; x_wconf 83' lang='lat' dir='ltr'>D.</span> <span class='ocrx_word' id='word_1_271' title='bbox 2068 2978 2153 3041; x_wconf 83' lang='lat'>35,</span> <span class='ocrx_word' id='word_1_272' title='bbox 2184 2979 2233 3041; x_wconf 79' lang='lat'>2,</span> <span class='ocrx_word' id='word_1_273' title='bbox 2266 2980 2403 3043; x_wconf 55' lang='grc' dir='ltr'>ιρι</span> 
     </span>
     <span class='ocr_line' id='line_1_34' title="bbox 365 3046 2407 3116; baseline -0.001 -14"><span class='ocrx_word' id='word_1_274' title='bbox 365 3049 552 3116; x_wconf 80' lang='lat' dir='ltr'><strong>(Paul.</strong></span> <span class='ocrx_word' id='word_1_275' title='bbox 593 3053 723 3114; x_wconf 75' lang='lat'>9213</span> <span class='ocrx_word' id='word_1_276' title='bbox 762 3049 957 3102; x_wconf 79' lang='lat' dir='ltr'>Bruns</span> <span class='ocrx_word' id='word_1_277' title='bbox 992 3046 1062 3114; x_wconf 79' lang='lat'>1⁶,</span> <span class='ocrx_word' id='word_1_278' title='bbox 1086 3051 1226 3116; x_wconf 89' lang='lat'><strong>113).</strong></span> <span class='ocrx_word' id='word_1_279' title='bbox 1283 3048 1400 3101; x_wconf 83' lang='lat' dir='ltr'>Dio</span> <span class='ocrx_word' id='word_1_280' title='bbox 1442 3047 1588 3102; x_wconf 67' lang='grc' dir='ltr'>Οαεε.</span> <span class='ocrx_word' id='word_1_281' title='bbox 1628 3050 1715 3113; x_wconf 93' lang='grc'>48,</span> <span class='ocrx_word' id='word_1_282' title='bbox 1745 3050 1831 3113; x_wconf 85' lang='grc'>33,</span> <span class='ocrx_word' id='word_1_283' title='bbox 1861 3050 1910 3098; x_wconf 87' lang='lat'>5.</span> <span class='ocrx_word' id='word_1_284' title='bbox 1968 3046 2296 3115; x_wconf 73' lang='lat' dir='ltr'>Hieronym.</span> <span class='ocrx_word' id='word_1_285' title='bbox 2326 3048 2407 3099; x_wconf 79' lang='lat' dir='ltr'>ad</span> 
     </span>
     <span class='ocr_line' id='line_1_35' title="bbox 365 3117 2405 3188; baseline -0.002 -13"><span class='ocrx_word' id='word_1_286' title='bbox 365 3120 569 3175; x_wconf 77' lang='lat' dir='ltr'>Easeb.</span> <span class='ocrx_word' id='word_1_287' title='bbox 611 3120 860 3175; x_wconf 73' lang='lat' dir='ltr'>Chronic.</span> <span class='ocrx_word' id='word_1_288' title='bbox 909 3121 984 3172; x_wconf 81' lang='lat' dir='ltr'>ad</span> <span class='ocrx_word' id='word_1_289' title='bbox 1022 3136 1072 3172; x_wconf 91' lang='lat' dir='ltr'><strong>a.</strong></span> <span class='ocrx_word' id='word_1_290' title='bbox 1112 3120 1320 3174; x_wconf 81' lang='lat' dir='ltr'>Abrah.</span> <span class='ocrx_word' id='word_1_291' title='bbox 1364 3124 1499 3171; x_wconf 82' lang='lat'><strong>1977</strong></span> <span class='ocrx_word' id='word_1_292' title='bbox 1540 3117 1775 3188; x_wconf 79' lang='lat' dir='ltr'>(olymp.</span> <span class='ocrx_word' id='word_1_293' title='bbox 1817 3122 1939 3185; x_wconf 88' lang='lat'>185,</span> <span class='ocrx_word' id='word_1_294' title='bbox 1969 3124 1997 3170; x_wconf 94' lang='lat'><strong>1</strong></span> <span class='ocrx_word' id='word_1_295' title='bbox 2030 3143 2098 3162; x_wconf 90' lang='lat'>=</span> <span class='ocrx_word' id='word_1_296' title='bbox 2127 3134 2180 3171; x_wconf 90' lang='lat' dir='ltr'><strong>a.</strong></span> <span class='ocrx_word' id='word_1_297' title='bbox 2207 3135 2266 3172; x_wconf 76' lang='lat' dir='ltr'>u.</span> <span class='ocrx_word' id='word_1_298' title='bbox 2299 3122 2405 3170; x_wconf 79' lang='lat'>‘114</span> 
     </span>
     <span class='ocr_line' id='line_1_36' title="bbox 368 3186 2405 3260; baseline -0.001 -16"><span class='ocrx_word' id='word_1_299' title='bbox 368 3219 433 3238; x_wconf 93' lang='lat'>=</span> <span class='ocrx_word' id='word_1_300' title='bbox 465 3208 515 3244; x_wconf 95' lang='lat' dir='ltr'><strong>a.</strong></span> <span class='ocrx_word' id='word_1_301' title='bbox 558 3192 683 3247; x_wconf 68' lang='lat' dir='ltr'><strong>Olor.</strong></span> <span class='ocrx_word' id='word_1_302' title='bbox 722 3193 812 3260; x_wconf 92' lang='grc'>40)</span> <span class='ocrx_word' id='word_1_303' title='bbox 851 3192 930 3244; x_wconf 81' lang='lat' dir='ltr'>ed.</span> <span class='ocrx_word' id='word_1_304' title='bbox 970 3190 1203 3245; x_wconf 78' lang='lat' dir='ltr'>Schoene</span> <span class='ocrx_word' id='word_1_305' title='bbox 1242 3196 1294 3257; x_wconf 89' lang='grc'><strong>2,</strong></span> <span class='ocrx_word' id='word_1_306' title='bbox 1326 3194 1454 3243; x_wconf 83' lang='grc'>139;</span> <span class='ocrx_word' id='word_1_307' title='bbox 1497 3186 1552 3242; x_wconf 89' lang='lat' dir='ltr'>C.</span> <span class='ocrx_word' id='word_1_308' title='bbox 1592 3187 1879 3242; x_wconf 81' lang='lat' dir='ltr'>Falcidius</span> <span class='ocrx_word' id='word_1_309' title='bbox 1916 3187 2178 3243; x_wconf 87' lang='lat' dir='ltr'>tribunus</span> <span class='ocrx_word' id='word_1_310' title='bbox 2215 3187 2405 3258; x_wconf 87' lang='lat' dir='ltr'>plebis</span> 
     </span>
     <span class='ocr_line' id='line_1_37' title="bbox 364 3259 2406 3333; baseline -0.001 -17"><span class='ocrx_word' id='word_1_311' title='bbox 364 3263 549 3333; x_wconf 83' lang='lat' dir='ltr'>legem</span> <span class='ocrx_word' id='word_1_312' title='bbox 585 3261 739 3330; x_wconf 85' lang='lat' dir='ltr'>tulit,</span> <span class='ocrx_word' id='word_1_313' title='bbox 784 3280 854 3315; x_wconf 90' lang='lat' dir='ltr'>ne</span> <span class='ocrx_word' id='word_1_314' title='bbox 893 3262 1019 3330; x_wconf 88' lang='lat' dir='ltr'>quis</span> <span class='ocrx_word' id='word_1_315' title='bbox 1056 3260 1184 3330; x_wconf 88' lang='lat' dir='ltr'>plus</span> <span class='ocrx_word' id='word_1_316' title='bbox 1221 3262 1562 3314; x_wconf 86' lang='lat' dir='ltr'>testamento</span> <span class='ocrx_word' id='word_1_317' title='bbox 1598 3259 1842 3329; x_wconf 86' lang='lat' dir='ltr'>legaret,</span> <span class='ocrx_word' id='word_1_318' title='bbox 1889 3275 2060 3330; x_wconf 84' lang='lat' dir='ltr'>quam</span> <span class='ocrx_word' id='word_1_319' title='bbox 2094 3262 2162 3314; x_wconf 88' lang='lat' dir='ltr'>ut</span> <span class='ocrx_word' id='word_1_320' title='bbox 2198 3263 2406 3329; x_wconf 83' lang='lat' dir='ltr'>quarta</span> 
     </span>
     <span class='ocr_line' id='line_1_38' title="bbox 365 3332 2435 3404; baseline -0.001 -16"><span class='ocrx_word' id='word_1_321' title='bbox 365 3351 496 3404; x_wconf 83' lang='lat' dir='ltr'>pars</span> <span class='ocrx_word' id='word_1_322' title='bbox 532 3333 833 3387; x_wconf 80' lang='lat' dir='ltr'>heredibus</span> <span class='ocrx_word' id='word_1_323' title='bbox 872 3334 1202 3401; x_wconf 88' lang='lat' dir='ltr'>superesset.</span> <span class='ocrx_word' id='word_1_324' title='bbox 1276 3333 1418 3388; x_wconf 77' lang='lat' dir='ltr'><strong>Isid.</strong></span> <span class='ocrx_word' id='word_1_325' title='bbox 1456 3333 1590 3403; x_wconf 76' lang='lat' dir='ltr'><strong>oriy.</strong></span> <span class='ocrx_word' id='word_1_326' title='bbox 1621 3336 1672 3399; x_wconf 85' lang='lat'>5,</span> <span class='ocrx_word' id='word_1_327' title='bbox 1703 3337 1788 3399; x_wconf 88' lang='lat'>15,</span> <span class='ocrx_word' id='word_1_328' title='bbox 1818 3337 1866 3385; x_wconf 94' lang='grc'>2.</span> <span class='ocrx_word' id='word_1_329' title='bbox 1923 3332 2131 3387; x_wconf 77' lang='lat' dir='ltr'>Suidas</span> <span class='ocrx_word' id='word_1_330' title='bbox 2165 3349 2214 3386; x_wconf 85' lang='lat' dir='ltr'>v.</span> <span class='ocrx_word' id='word_1_331' title='bbox 2258 3334 2435 3385; x_wconf 79' lang='grc' dir='ltr'><strong><em>Φαλ--</em></strong></span> 
     </span>
     <span class='ocr_line' id='line_1_39' title="bbox 367 3403 2404 3472; baseline -0.001 -13"><span class='ocrx_word' id='word_1_332' title='bbox 367 3403 563 3466; x_wconf 78' lang='grc' dir='ltr'>κίδιος.</span> <span class='ocrx_word' id='word_1_333' title='bbox 614 3406 671 3460; x_wconf 78' lang='lat' dir='ltr'>G.</span> <span class='ocrx_word' id='word_1_334' title='bbox 693 3406 743 3458; x_wconf 92' lang='lat' dir='ltr'>I.</span> <span class='ocrx_word' id='word_1_335' title='bbox 766 3406 834 3457; x_wconf 91' lang='lat' dir='ltr'>L.</span> <span class='ocrx_word' id='word_1_336' title='bbox 873 3404 950 3457; x_wconf 91' lang='lat' dir='ltr'>XI</span> <span class='ocrx_word' id='word_1_337' title='bbox 977 3408 1081 3457; x_wconf 91' lang='grc'>419</span> <span class='ocrx_word' id='word_1_338' title='bbox 1112 3405 1327 3472; x_wconf 72' lang='lat' dir='ltr'>(Brun-s</span> <span class='ocrx_word' id='word_1_339' title='bbox 1364 3404 1433 3471; x_wconf 79' lang='lat'>1⁶,</span> <span class='ocrx_word' id='word_1_340' title='bbox 1465 3409 1584 3458; x_wconf 86' lang='lat'><strong>311.</strong></span> <span class='ocrx_word' id='word_1_341' title='bbox 1641 3405 1863 3458; x_wconf 77' lang='lat' dir='ltr'>Dessau</span> <span class='ocrx_word' id='word_1_342' title='bbox 1891 3406 2070 3472; x_wconf 85' lang='grc'>6663).</span> <span class='ocrx_word' id='word_1_343' title='bbox 2127 3404 2280 3457; x_wconf 71' lang='lat' dir='ltr'><strong>Ptin.</strong></span> <span class='ocrx_word' id='word_1_344' title='bbox 2320 3421 2404 3472; x_wconf 78' lang='lat' dir='ltr'>ep.</span> 
     </span>
     <span class='ocr_line' id='line_1_40' title="bbox 370 3481 1320 3616; baseline 0 -16"><span class='ocrx_word' id='word_1_345' title='bbox 370 3482 420 3544; x_wconf 67' lang='grc' dir='ltr'>δ’</span> <span class='ocrx_word' id='word_1_346' title='bbox 451 3481 702 3611; x_wconf 52' lang='grc'>1’,819223</span> <span class='ocrx_word' id='word_1_347' title='bbox 759 3548 829 3615; x_wconf 78' lang='lat' dir='ltr'><strong>cf.</strong></span> <span class='ocrx_word' id='word_1_348' title='bbox 866 3563 1041 3615; x_wconf 62' lang='lat' dir='ltr'>supra</span> <span class='ocrx_word' id='word_1_349' title='bbox 1080 3551 1128 3614; x_wconf 97' lang='lat'>1,</span> <span class='ocrx_word' id='word_1_350' title='bbox 1157 3550 1226 3599; x_wconf 88' lang='grc'><strong>42</strong></span> <span class='ocrx_word' id='word_1_351' title='bbox 1244 3564 1320 3616; x_wconf 77' lang='lat' dir='ltr'><strong>sq.</strong></span> 
     </span>
    </p>
   </div>
   <div class='ocr_carea' id='block_1_7' title="bbox 506 2283 790 2289">
    <p class='ocr_par' dir='ltr' id='par_1_7' title="bbox 506 2283 790 2289">
     <span class='ocr_line' id='line_1_41' title="bbox 506 2283 790 2289; baseline 0 0"><span class='ocrx_word' id='word_1_352' title='bbox 506 2283 790 2289; x_wconf 95' lang='lat' dir='ltr'> </span> 
     </span>
    </p>
   </div>
  </div>
 </body>
</html>
