2650 3917
335 168 421 234 62
1012 169 1069 224 C.
1106 169 1369 223 ATEIVS
1408 168 1684 224 CAPITO.

952 438 1016 504 G.
1063 438 1387 505 ATEIVS
1436 438 1749 505 CAPITO

691 546 821 614 (ωε.
860 543 983 599 suff.
1023 550 1055 598 5
1091 563 1147 614 p.
1188 543 1311 599 chr.
1351 546 1604 599 mortuus
1642 550 1710 598 22
1756 562 1811 613 p.
1843 544 2009 615 obn).

961 668 1596 725 GONIEG'TANEOR
1607 670 1744 724 VM.

391 850 395 854 Α
456 781 504 846 1.
553 778 715 845 Cum
741 779 982 844 librum
1010 777 1224 843 VIII.1
1252 777 1407 844 Atei
1436 776 1769 862 Capitonis
1808 779 2372 844 coniectaneorum

279 890 306 932 5
331 872 719 957 legeremus,
793 869 905 952 qui
968 868 1317 953 inscriptus
1383 873 1483 932 est
1547 868 1648 932 ‘de
1721 867 1979 933 iudiciis
2045 867 2375 952 publicis’,

334 960 658 1025 decretum
730 958 1139 1022 tribunorum
1212 959 1425 1022 uisum
1498 960 1596 1021 est
1658 956 1998 1042 grauitatis
2063 957 2372 1041 antiquae

330 1048 610 1133 plenum.
709 1050 1052 1132 propterea
1124 1046 1190 1110 id
1261 1046 1692 1111 meminimus,
1792 1046 1986 1129 idque
2050 1045 2133 1110 ob
2198 1045 2375 1111 hanc

333 1160 588 1204 causam
644 1141 710 1202 et
764 1137 833 1201 in
886 1137 1055 1201 hanc
1120 1135 1504 1201 sententiam
1570 1136 1885 1218 scriptum
1949 1138 2070 1199 est:
2133 1134 2370 1200 ‘Aulus

333 1225 657 1292 Hostilius
712 1225 1053 1290 Mancinus
1118 1225 1343 1289 aedilis
1405 1224 1647 1290 curulis
1705 1224 1850 1291 fuit.
1949 1225 2007 1289 is
2061 1224 2372 1289 Maniliae

253 1339 306 1379 ιο
332 1315 656 1381 meretrici
722 1316 889 1380 diem
939 1314 1018 1378 ad
1080 1316 1395 1398 populum
1452 1314 1616 1378 dixit
1661 1335 1734 1378 eo
1750 1312 1790 1397 ²,
1856 1314 2030 1398 quod
2086 1335 2120 1377 e
2183 1313 2372 1378 tabu-

331 1403 506 1471 lato⁸
550 1405 688 1469 eius
742 1407 945 1469 noctu
996 1403 1212 1488 lapide
1267 1403 1437 1467 ictus
1492 1406 1686 1486 esset,
1741 1403 2106 1488 uulnusque
2164 1425 2242 1468 ex
2287 1424 2371 1467 eo

331 1495 544 1579 lapide
605 1493 999 1558 ostendebat.
1091 1491 1360 1556 Manilia
1413 1491 1494 1555 ad
1548 1492 1845 1557 tribunos
1898 1492 2075 1575 plebi
2132 1513 2373 1576 prouo-

332 1585 522 1649 cauit.
613 1581 784 1666 apud
842 1603 950 1646 eos
1017 1582 1181 1646 dixit
1246 1585 1803 1647 commessatorem
1857 1580 2230 1646 Mancinum
2284 1581 2374 1647 ad

333 1674 521 1738 aedes
569 1694 717 1737 suas
762 1671 1046 1755 uenisse3
1091 1693 1238 1735 eum
1277 1670 1404 1735 sibi
1449 1673 1731 1755 recipere
1764 1691 1898 1735 non
1951 1670 2154 1735 fuisse
2189 1693 2225 1736 e
2259 1669 2375 1735 re4

249 1783 302 1826 ιε
332 1785 472 1847 sua3
547 1761 657 1826 sed
730 1781 878 1825 cum
950 1761 1021 1824 ui
1101 1761 1522 1844 inrumperet,
1603 1760 1926 1842 lapidibus
2010 1760 2370 1844 depulsum.

330 1850 576 1916 tribuni
622 1851 1047 1915 decreuerunt
1092 1849 1364 1914 aedilem
1412 1871 1490 1913 ex
1527 1870 1602 1913 eo
1648 1851 1793 1914 loco
1841 1850 1980 1913 iure
2026 1849 2371 1933 deiectum,

333 1962 460 2023 quo
491 1962 638 2005 eum
665 1941 886 2004 uenire
915 1961 1061 2005 cum
1092 1939 1430 2003 corollario
1458 1959 1588 2002 non
1618 1938 1951 2002 decuisset.
2024 1945 2374 2023 propterea

328 2051 411 2095 ne
458 2051 605 2094 cum
651 2029 893 2181 pzpulo
940 2028 1167 2093 aedilis
1214 2032 1451 2114 ageret,
1495 2026 2037 2092 intercesserunt'.
2078 2065 2161 2074 -—
2208 2027 2373 2093 Gell.

331 2120 393 2203 4,
437 2119 539 2202 14,
579 2119 611 2182 1
624 2155 701 2164 -
755 2168 768 2182 .

250 2238 303 2277 8⁰
468 2207 522 2272 2.
561 2206 739 2291 Appi
759 2228 1036 2290 namque
1064 2207 1242 2271 illius
1273 2204 1464 2270 Caeci
1490 2204 1628 2269 filia
1656 2229 1693 2269 a
1721 2204 1909 2283 ludis,
1931 2226 2092 2288 quos
2122 2208 2372 2287 specta-

331 2300 541 2380 uerat,
597 2298 815 2361 exiens
861 2296 1053 2359 turba
1097 2296 1381 2378 undique
1433 2295 1817 2361 confluentis
1863 2294 2371 2378 fluctuantisque

330 2387 560 2471 populi
604 2388 839 2449 iactata
885 2389 999 2452 est.
1074 2390 1269 2469 atque
1305 2384 1453 2449 inde
1491 2405 1746 2469 egressa
1774 2405 1918 2448 cum
1947 2404 2014 2447 se
2050 2383 2218 2448 male
2254 2382 2372 2447 ha-

329 2475 532 2540 bitam
596 2475 853 2558 diceret,
908 2474 1085 2558 ‘quid
1150 2496 1252 2537 me
1304 2494 1478 2538 nunc
1549 2472 1794 2538 factum
1858 2471 2069 2555 esset',
2131 2472 2373 2556 inquit,

331 2564 728 2649 ‘quantoque
774 2564 975 2628 artius
1020 2565 1428 2647 pressiusque
1485 2562 1852 2626 conflictata
1906 2583 2137 2646 essem,
2192 2563 2249 2625 si
2294 2560 2371 2627 P.

249 2684 299 2724 25
332 2652 657 2738 Claudius,
702 2652 904 2717 frater
948 2674 1126 2717 meus
1138 2702 1157 2736 ,
1201 2651 1420 2716 nauali
1472 2651 1718 2735 proelio
1775 2651 2041 2716 classem
2096 2651 2373 2715 nauium

331 2765 477 2809 cum
550 2728 798 2827 ingenti
872 2744 1112 2806 ciuium
1172 2762 1443 2805 numero
1506 2762 1638 2804 non
1700 2740 2127 2824 perdidisset?
2194 2743 2373 2805 certe

332 2833 592 2918 quidem
656 2832 898 2896 maiore
959 2851 1133 2894 nunc
1196 2831 1383 2914 copia
1448 2828 1677 2913 populi
1741 2850 2048 2913 oppressa
2111 2829 2374 2894 interci-

332 2921 584 2988 dissem.
679 2919 790 2984 sed
848 2919 1141 3003 utinam',
1187 2919 1429 3002 inquit,
1478 2918 1851 2983 ‘reuiuiscat
1902 2919 2102 2985 frater
2148 2917 2373 2984 aliam-

332 3033 457 3096 que
505 3011 770 3074 classem
797 3008 867 3072 in
897 3007 1183 3073 Siciliam
1211 3007 1404 3072 ducat
1434 3012 1627 3091 atque
1654 3009 1847 3073 istam
1883 3007 2371 3073 multitudinem

246 3129 302 3171 so
330 3099 652 3185 perditum
692 3101 811 3181 eat,
848 3120 1012 3183 quae
1049 3119 1150 3162 me
1186 3119 1360 3162 nunc
1395 3096 1559 3161 male
1596 3098 1896 3161 miseram
1934 3096 2373 3162 conuexauit'.

330 3190 413 3256 ob
460 3189 620 3253 haec
673 3188 962 3254 mulieris
1013 3186 1211 3252 uerba
1257 3191 1391 3251 tam
1446 3186 1741 3270 inproba.
1767 3208 1840 3250 ac
1883 3190 2016 3251 tam
2073 3185 2376 3253 inciuilia

474 3420 525 3488 1)
562 3415 693 3471 vm
728 3417 1034 3486 Scioppius.
1089 3415 1167 3469 IX
1202 3416 1358 3471 codd.
1415 3416 1482 3482 cf.
1513 3416 1671 3482 infra
1706 3431 1857 3469 num.
1888 3418 1938 3469 3.
2061 3415 2114 3483 2)
2153 3430 2221 3468 eo
2260 3414 2373 3471 Fr.

333 3491 661 3548 Gronovius,
718 3491 779 3543 et
813 3488 965 3543 codd.
1130 3490 1185 3557 3)
1222 3504 1253 3542 e
1294 3484 1550 3540 tabulato
1589 3486 1911 3541 Salmasiua
1979 3486 2038 3539 et
2074 3484 2374 3542 ambulato

328 3563 411 3619 vel
447 3564 505 3615 et
550 3559 844 3614 ambulatu
880 3560 1033 3614 codd.
1179 3562 1234 3630 4)
1273 3575 1304 3612 e
1342 3575 1403 3612 re
1441 3559 1741 3613 Bentleius.
1782 3557 1886 3611 ede
1922 3557 2075 3612 codd.
