2650 3917
621 183 721 236 AD
761 183 885 237 GAI
921 154 1103 236 INST.
1145 181 1570 236 CONSPECTV
1574 181 1608 235 S
1646 182 1922 236 RERVM.
2167 184 2303 249 403

384 346 437 415 1)
475 343 977 412 obligationes,
1071 359 1242 412 quae
1336 360 1413 396 ex
1504 346 1868 398 contractu

469 419 865 469 nascuntur.
937 416 1133 468 harum
1164 417 1432 482 quattuor
1458 431 1664 483 genera
1693 418 1824 469 sunt
1863 462 1873 471 ,
1950 420 2000 482 3,
2031 421 2099 469 89

473 490 526 558 a)
566 487 941 556 adquiruntur
976 486 1137 539 nobis
1177 485 1555 556 obligationes

561 560 619 629 α)
656 576 758 628 per
792 561 1015 612 nosmet
1050 558 1219 626 ipsos,

651 632 753 700 aa)
789 647 849 683 re
889 632 1210 684 contractae
1248 627 1625 698 obligationes
1665 629 1867 699 (mutui

795 701 952 755 datio
990 704 1050 756 et
1086 699 1331 753 indebiti
1370 700 1597 770 solutio)
1673 745 1681 752 .
1764 744 1774 754 .
1852 742 1864 754 .
1942 706 1992 768 3,
2023 706 2118 766 903
2158 707 2222 755 91

651 773 757 845 ab)
795 773 978 826 verbis
1016 774 1343 826 contractae
1381 770 1758 842 obligationes
1851 814 1864 827 .
1940 777 1990 840 3,
2022 779 2271 826 92—109

791 845 1086 899 verborum
1150 842 1527 914 obligationes
1589 843 1662 896 ad
1727 843 1870 897 alias

792 917 1149 970 accedentes:

864 988 934 1042 de
972 985 1477 1055 adstipulatoribus
1500 1028 1868 1040 .....
1945 993 1994 1054 3,
2028 992 2310 1040 110-114

865 1060 935 1113 de
982 1057 1360 1128 sponsoribus,
1406 1057 1868 1125 fidepromiusori·

864 1130 986 1198 bus,
1022 1129 1445 1183 fideiussoribus
1500 1171 1867 1184 .....
1945 1135 1993 1196 3,
2028 1134 2306 1183 115--127

655 1204 755 1271 ac)
793 1201 1000 1256 litteris
1040 1203 1363 1255 contractae
1402 1200 1780 1270 obligationes
1856 1243 1867 1254 .
1945 1206 1996 1268 3,
2028 1206 2309 1254 128—134

658 1274 763 1344 ad)
804 1290 1075 1328 consensu
1131 1274 1452 1326 contractae
1499 1271 1872 1343 obligationes
1947 1278 1998 1339 3,
2030 1277 2311 1326 135—138

874 1345 1085 1415 emptio
1125 1347 1182 1398 et
1218 1343 1468 1398 venditio
1500 1385 1869 1398 .....
1946 1349 1998 1412 3,
2028 1348 2308 1397 139-141

870 1415 1077 1470 locatio
1120 1419 1178 1470 et
1216 1415 1515 1469 conductio
1590 1457 1603 1470 .
1682 1459 1692 1470 .
1769 1457 1782 1470 .
1859 1458 1871 1471 .
1948 1421 1997 1483 3,
2030 1420 2311 1469 142—147

873 1487 1111 1541 societas
1142 1529 1870 1542 .........
1947 1492 1997 1554 3,
2029 1493 2201 1541 148—
2241 1493 2312 1539 54

865 1559 1195 1612 mandatum
1231 1600 1869 1613 ........
1947 1564 1997 1627 3,
2030 1564 2311 1626 loo—162

563 1630 617 1700 β)
656 1647 757 1698 per
785 1645 879 1682 eas
916 1646 1200 1699 personas,
1229 1646 1378 1697 quae
1405 1629 1465 1681 in
1492 1633 1686 1683 nostra
1715 1632 1870 1698 pote-

652 1702 814 1767 state,
854 1717 1025 1754 manu
1062 1701 1414 1770 mancipiove
1450 1705 1580 1755 sunt
1679 1746 1688 1755 .
1766 1743 1778 1755 .
1856 1743 1868 1756 .
1945 1708 1995 1769 3,
2028 1706 2309 1755 163-167

473 1771 530 1841 b)
568 1771 846 1826 tolluntur
883 1771 1258 1842 obligationes

564 1845 621 1913 α)
661 1842 939 1897 solutione
962 1885 1331 1897 .....
1393 1906 1396 1910 Α
1409 1885 1868 1897 ......
1945 1850 1995 1910 3,
2028 1849 2129 1898 168

565 1917 620 1987 β)
659 1913 1093 1982 acceptilatione
1144 1955 1871 1969 .........
1948 1920 1999 1983 3,
2030 1920 2311 1968 169-172

563 1990 618 2057 γ)
655 1987 995 2056 imaginaria
1023 1985 1302 2040 solutione
1331 2003 1433 2056 per
1462 2002 1556 2039 aes
1581 1988 1639 2041 et
1666 1984 1871 2039 libram
1946 1992 1996 2054 3,
2027 1991 2310 2041 173—175

564 2061 618 2128 ὃ)
657 2058 956 2111 novatione
1052 2098 1869 2111 ..........
1947 2064 1995 2126 3,
2029 2063 2307 2112 176-179

575 2136 623 2199 ε)
658 2129 777 2184 litis
816 2129 1225 2183 contestatione
1321 2170 1868 2183 .......
1946 2134 1996 2193 3,
2029 2134 2308 2183 180-181

385 2212 440 2281 2)
474 2210 978 2336 ἓῦΙίςαὴίοηθε,
1002 2227 1173 2277 quae
1202 2227 1277 2263 ex
1297 2207 1559 2263 delicto
1581 2224 1874 2262 nascun-
1948 2287 1978 2333 3
2029 2286 2132 2335 182

508 2299 586 2337 ur
607 2321 1872 2336 ...............

377 2342 380 2346 ’
474 2356 528 2423 a.)
566 2354 781 2407 fastum
875 2393 1871 2407 ............
1948 2323 1998 2419 3}
2030 2357 2314 2407 183—208

472 2425 532 2495 b)
567 2426 623 2478 vi
659 2425 807 2478 bona
843 2427 1011 2493 rapta
1054 2465 1872 2479 ..........
1948 2429 1998 2492 3,
2029 2429 2131 2478 209

479 2499 528 2566 c)
568 2497 837 2550 damnum
874 2495 1083 2549 iniuria
1122 2496 1318 2549 datum
1414 2537 1869 2549 ......
1948 2501 1997 2564 3,
2028 2499 2312 2549 210-219

477 2569 535 2638 d)
570 2567 780 2621 iniuria
873 2608 1871 2622 ............
1949 2571 1998 2634 3,
2029 2570 2313 2619 220—225

537 2747 658 2800 111.
701 2744 829 2802 1vs
870 2743 1074 2821 (μοι)
1112 2745 1214 2800 An
1253 2743 1624 2802 Aorlolms
1663 2743 2061 2800 reamur.

279 2856 348 2907 A.
394 2853 703 2909 Aetione&

388 2935 438 3005 1)
478 2933 863 2988 divisiones
903 2950 1131 2987 earum

474 3006 529 3074 a)
566 3021 633 3058 ex
669 3006 829 3087 varia
866 3021 1058 3058 eorum
1087 3004 1411 3059 substantia
1437 3004 1527 3058 vel
1553 3005 1692 3070 iure,
1723 3004 1874 3072 quod

564 3093 969 3146 persequimur.

569 3150 627 3217 α)
666 3149 777 3201 duo
816 3148 1105 3201 actionum
1161 3164 1394 3217 genera:
1449 3148 1509 3200 in
1566 3163 1685 3200 rem
1723 3149 1781 3201 et
1816 3146 1877 3200 in

652 3235 966 3288 personam,
986 3218 1395 3273 vindicationes
1415 3221 1474 3273 et
1492 3218 1873 3272 condictiones
1949 3223 1998 3283 4,
2032 3224 2169 3271 1—5

566 3291 620 3361 β)
658 3293 758 3345 aut
794 3307 912 3346 rem
949 3293 1174 3344 tantum
1219 3292 1320 3343 aut
1365 3305 1606 3359 poenam
1651 3291 1878 3343 tantum

656 3365 757 3416 aut
791 3379 910 3415 rem
947 3364 1007 3416 et
1041 3377 1281 3430 poenam
1318 3361 1707 3431 persequimur
1771 3404 1784 3416 .
1861 3403 1872 3415 .
1950 3365 2000 3428 4,
2032 3365 2170 3414 6-9

476 3432 536 3503 b)
574 3449 641 3488 ex
684 3432 880 3488 forma.
957 3431 1239 3500 quaedam
1286 3433 1360 3485 ad
1405 3433 1548 3503 legis
1596 3433 1878 3488 actionem

565 3505 978 3574 exprimuntur,
1035 3504 1317 3573 quaedam
1363 3521 1465 3559 sua
1501 3504 1557 3557 vi
1604 3521 1670 3559 ao
1715 3506 1874 3575 pote-

567 3578 714 3631 state
753 3579 1013 3630 constant
1017 3618 1874 3635 ...........
1951 3583 1983 3630 4
2034 3580 2100 3629 10

1886 3672 1953 3722 26
1965 3619 2001 3696 *ἱ
