2650 3917
369 154 495 219 116
702 154 802 207 AD
842 153 1468 243 GAIV'MPRAEFAT.
1505 152 1854 209 HVSGHKII
1887 153 2003 208 ED.
2040 154 2082 208 L

364 326 472 383 aut
513 324 693 398 plane
747 324 1042 383 incertum
1089 327 1193 383 est.
1288 322 1405 383 Sed
1460 323 1644 383 libros
1698 324 1954 401 triginta
2006 324 2130 399 vel,
2185 341 2408 382 connu-

363 415 608 472 meratis
654 412 824 471 libris
863 413 939 472 ad
986 412 1244 472 edictum
1292 413 1577 471 aedilium
1624 411 1941 486 curulium,
1986 414 2241 491 triginta
2288 413 2406 472 duo

364 502 440 561 ad
488 501 749 561 edictum
793 503 1160 578 provinciale
1208 505 1268 560 et
1312 502 1474 578 ipsos
1520 505 1658 578 post
1703 501 2121 561 Institutiones
2167 520 2407 578 compo·

364 591 512 650 sitos
559 609 685 650 esse
730 592 879 649 item
924 592 1071 650 satis
1106 594 1243 650 tuto
1290 594 1554 650 statuere
1599 592 1768 666 licet3
1814 609 1934 649 non
1977 593 2218 649 tantum
2265 594 2408 666 quia

364 680 589 740 maiore
634 682 711 739 iis
759 681 1179 756 componendis
1226 699 1375 756 opus
1422 682 1554 740 erat
1597 700 1713 740 usu
1759 684 1819 739 et
1876 679 2243 756 experientia
2289 681 2410 739 fori

364 761 464 850 (ut
499 788 620 828 non
655 771 859 846 inepte
894 768 1126 829 iudicat
1154 768 1391 828 Stieber
1417 768 1493 828 ad
1522 769 1798 828 Wenckii
1835 787 2033 845 opusc.
2071 789 2130 845 p.
2158 763 2408 850 XXIX),

365 858 468 918 sed
533 860 718 917 etiam
766 851 956 939 (quod
1011 877 1105 917 me
1152 859 1410 918 maxime
1456 856 1684 939 movet)
1744 860 1887 933 quia
1931 857 2086 917 libro
2131 857 2164 917 I
2207 857 2274 916 L.
2319 861 2407 920 30

366 945 406 1023 ξ
457 950 494 1006 2
569 948 641 1007 D.
689 947 763 1006 de
819 950 1012 1023 pactis
1061 940 1296 1029 (2,14)
1347 949 1705 1007 sententiam
1762 947 1963 1022 reicit,
2019 966 2199 1022 quam
2256 947 2406 1008 Inst.

368 1039 427 1110 3,
459 1039 609 1096 179·
651 1038 1008 1112 tentaverat,
1072 1040 1134 1095 et
1196 1036 1352 1095 libro
1398 1036 1501 1097 VI.
1548 1035 1614 1096 L.
1658 1037 1695 1095 3
1771 1036 1844 1094 D.
1903 1035 1976 1094 de
2030 1035 2226 1096 hored.
2283 1039 2408 1113 pet.

365 1118 456 1206 (5,
489 1119 555 1206 3)
604 1125 968 1185 mentionem
1013 1125 1196 1185 habet
1239 1124 1526 1185 heredum
1563 1145 1636 1184 ex
1671 1125 2203 1185 senatusconsultis
2233 1118 2406 1207 (Ter-

363 1215 625 1274 tulliano
672 1218 733 1274 et
770 1208 1182 1295 Orphitiano):
1228 1233 1338 1273 nec
1383 1215 1559 1274 facile
1595 1215 1742 1274 Inst.
1786 1219 1843 1290 1,
1876 1215 2002 1273 188
2050 1213 2410 1291 simpliciter

364 1303 549 1363 edicti
584 1306 1167 1380 interpretationem
1229 1304 1562 1378 laudasset,
1609 1305 1661 1363 si
1706 1306 1839 1362 tum
1902 1304 2024 1362 iam
2084 1308 2407 1379 utrumque

364 1392 625 1452 edictum
669 1393 1097 1469 interpretatus
1126 1396 1305 1453 esset:
1355 1392 1738 1468 quamobrem
1768 1394 1952 1452 etiam
1980 1391 2046 1450 L.
2078 1394 2183 1452 42·
2209 1392 2285 1450 D.
2331 1393 2407 1453 de

364 1483 498 1541 don.
555 1483 664 1542 int.
711 1484 819 1542 vir.
867 1475 1004 1563 (24,
1045 1476 1112 1563 1)
1168 1502 1240 1541 ex
1294 1482 1395 1542 lib.
1435 1483 1523 1541 XI
1577 1484 2073 1542 commemoratus
2126 1481 2407 1558 princeps

363 1571 706 1630 Antoninus
751 1590 862 1647 pro
908 1571 1109 1630 Marco
1166 1571 1474 1631 habendus
1529 1573 1662 1630 erit.
1753 1571 2026 1647 Denique
2082 1573 2268 1630 etiam
2313 1591 2404 1631 re-·

363 1680 497 1720 rum
549 1660 1036 1736 quotidianarum
1090 1660 1254 1735 libri,
1312 1662 1367 1719 si
1410 1664 1606 1720 totam
1660 1679 1867 1720 eorum
1919 1662 2218 1720 rationem
2270 1681 2405 1736 per-

364 1749 661 1826 penderis,
707 1768 828 1808 non
873 1753 1124 1825 possunt
1167 1748 1425 1808 iudicari
1462 1769 1582 1809 non
1618 1751 1759 1826 post
1790 1749 2208 1810 Institutiones
2247 1769 2405 1808 com·

364 1839 550 1915 positi
614 1857 758 1899 esse.
851 1838 1017 1897 Haec
1090 1841 1292 1897 omnia
1363 1857 1504 1898 vero
1578 1839 1835 1913 faciunt,
1907 1841 1978 1897 ut
2049 1838 2410 1899 Mommseni

364 1930 698 1987 sententiae
726 1919 962 2008 (Jahrb.
992 1927 1046 1987 d.
1078 1947 1228 2006 gem.
1268 1927 1591 1986 deutschen
1619 1928 1689 1987 R.
1718 1928 1812 1987 ΙΠ
1851 1932 1908 2001 1,
1945 1948 2002 2004 p.
2036 1931 2117 1987 14
2139 1922 2255 2008 [=
2274 1927 2407 1988 Jur.

367 2017 530 2076 Schr.
558 2017 621 2076 Π
650 2010 794 2097 37])
807 2061 823 2091 ,
890 2018 1175 2093 pleraque
1241 2015 1463 2075 Gaium
1524 2016 1831 2077 Antonino
1894 2015 2003 2075 Pio
2069 2018 2407 2093 imperante

364 2099 446 2188 (a.
494 2098 877 2186 138—161)
936 2106 1239 2182 scripsisse
1288 2106 1639 2166 arbitrantis
1684 2105 1844 2166 haud
1882 2106 2060 2166 facile
2107 2106 2408 2181 accedam,

363 2196 469 2255 sed
500 2197 776 2273 vegetam
815 2198 1075 2255 aetatem
1112 2197 1177 2253 in
1214 2194 1285 2254 D.
1314 2195 1505 2254 Marci
1540 2196 1815 2271 tempora
1852 2215 1987 2254 eum
2022 2195 2408 2256 transtulisse

367 2285 575 2344 malim
621 2284 872 2360 opinari.
966 2282 1213 2353 Quando
1260 2302 1401 2343 vero
1450 2283 1691 2358 obierit,
1737 2287 2050 2344 nescimus,
2144 2285 2410 2344 Tantum

369 2371 680 2432 Commodi
747 2376 1019 2449 tempora
1066 2365 1147 2453 (a.
1184 2375 1532 2433 176—192
1601 2368 1983 2453 [imperantis
2039 2392 2174 2433 cum
2229 2377 2408 2450 patre

366 2456 862 2542 a.176—180])
912 2483 1046 2521 eum
1100 2462 1335 2536 vidisse,
1400 2482 1471 2522 ex
1525 2481 1612 2538 ec,
1679 2463 1840 2538 quod
1889 2461 1967 2521 ad
2032 2460 2137 2522 SC.
2187 2460 2409 2539 Orphi-

364 2551 598 2611 tianum
645 2552 900 2628 scripsit,
947 2551 1221 2611 efficitur.

501 2641 669 2700 Idem
732 2641 1131 2700 Mommsenus
1176 2640 1213 2700 l.
1253 2659 1301 2699 c.
1352 2637 1569 2700 Gaium
1631 2634 1875 2699 ‘Ictum
1936 2638 2408 2717 provincialem'

367 2731 564 2804 fuisse,
612 2730 716 2805 qui
762 2731 825 2788 in
882 2730 1135 2802 oriente,
1183 2731 1244 2788 et
1296 2732 1368 2788 ut
1429 2729 1821 2806 probabiliter
1884 2733 2147 2789 statuere
2206 2731 2409 2806 liceat,

366 2819 598 2878 Troade
624 2822 690 2877 in
716 2819 864 2879 Asia
892 2821 985 2877 ius
1023 2818 1295 2878 docuerit
1331 2818 1635 2894 librosque
1673 2836 1810 2878 suos
1849 2818 2121 2893 ediderit,
2165 2838 2409 2897 magno,

365 2911 435 2968 ut
470 2909 640 2982 solet,
680 2911 952 2968 acumine
996 2908 1301 2967 adstruere
1341 2910 1587 2966 conatus
1626 2910 1743 2966 est:
1773 2910 2153 2985 argumentis*
2181 2910 2408 2984 tamen,

366 2997 523 3074 quod
568 3016 715 3074 pace
761 2999 880 3056 viri
935 2997 1006 3056 de
1051 2997 1144 3056 his
1200 2998 1422 3056 litteris
1477 2997 1850 3056 meritissimi
1868 3037 1882 3044 -
1904 2996 2168 3073 mihique
2226 3000 2413 3057 amici

365 3087 644 3161 dixerim,
692 3087 1012 3146 admodum
1057 3086 1258 3145 dubiis
1307 3088 1368 3144 et
1412 3087 1605 3163 magis
1652 3087 1943 3162 speciosis
2001 3106 2182 3162 quam
2228 3089 2408 3148 veris.

366 3176 635 3236 Primum
680 3178 866 3251 enim,
913 3175 1071 3251 quod
1118 3176 1190 3234 de
1237 3175 1365 3235 solo
1409 3177 1796 3250 praenomine
1843 3175 1920 3236 ad
1976 3175 2409 3252 appellandum

265 3281 271 3289 ·
343 3282 502 3325 'eum
543 3264 769 3325 Graeco
807 3284 972 3325 more
1018 3267 1309 3340 usurpato
1357 3263 1647 3340 disputat,
1682 3265 2121 3340 imperatorum
2144 3268 2407 3325 maxime

367 3373 514 3414 aevo
578 3353 824 3420 eandem
892 3353 1236 3430 appellandi
1300 3353 1790 3412 consuetudinem
1850 3353 2029 3413 certis
2076 3373 2147 3421 ex
2204 3358 2407 3415 causis

367 3446 552 3503 etiam
597 3444 820 3503 Romae
867 3443 1196 3503 obtinuisse
1209 3488 1225 3519 ,
1278 3445 1350 3501 ut
1392 3445 1516 3501 iam
1563 3461 1745 3518 supra
1789 3442 1985 3502 obiter
2039 3444 2407 3520 significavi-

364 3552 516 3609 mus,
561 3533 754 3592 multa
801 3533 1072 3609 exempla
1114 3533 1282 3593 velut
1325 3534 1755 3609 imperatorum
1805 3529 1948 3607 Gai,
1994 3532 2150 3607 Titi,
2195 3533 2413 3609 Marci,
