2650 3917
339 186 474 251 468
859 187 1156 242 VLPIAM
1188 186 1531 244 REGVLAE
1566 186 1670 242 XX
1704 195 1861 244 1—7.

924 382 1066 454 [xx
1103 382 1200 437 DE
1237 382 1786 455 TEffrfflN'rIs]

474 474 522 537 1.
551 474 1036 540 Testamentum
1069 480 1169 540 est
1195 477 1433 540 mentis
1468 480 1727 540 nostrae
1752 476 1925 540 iusta
1952 476 2347 539 contestatio
2362 474 2389 510 ¹

339 563 412 626 in
473 563 543 627 id
616 564 1016 628 sollemniter
1074 561 1298 649 facta²‚
1368 569 1445 629 ut
1514 568 1667 649 post
1740 570 2012 629 mortem
2083 568 2387 629 nostram

339 651 572 717 ualeat.
662 653 721 717 2.
767 651 1330 718 Testamentorum
1377 675 1612 738 genera
1651 653 1916 717 fuerunt
1948 653 2105 718 tria:
2149 676 2389 736 unum,

340 741 516 825 quod
588 740 814 807 calatis
888 742 1196 827 comitiis,
1261 743 1561 823 alterum,
1626 742 1802 827 quod
1870 741 1943 806 in
2011 743 2387 826 procinctu,

336 830 631 913 tertium,
676 831 852 915 quod
903 853 1021 914 per
1071 853 1178 896 aes
1223 836 1289 896 et
1342 832 1577 897 libram
1623 831 2019 914 appellatum
2062 836 2180 895 est.
2273 831 2387 895 his

338 919 593 984 duobus
646 921 1050 984 testamentis
1105 920 1368 985 abolitis
1418 920 1614 985 hodie
1668 920 1880 985 solum
1932 919 2004 984 in
2065 942 2196 985 usu
2261 926 2389 1004 est,

339 1009 515 1092 quod
558 1030 676 1094 per
719 1030 826 1074 aes
871 1013 938 1073 et
980 1010 1211 1074 libram
1256 1008 1359 1093 fit,
1403 1010 1472 1074 id
1518 1013 1615 1073 est
1666 1030 1782 1094 per
1830 1009 2388 1094 mancipationem

2361 1096 2391 1135 ε

338 1097 1149 1271 {Yfflffimomssssorqss‘t'
1174 1102 1589 1252 „3333
1596 1097 2385 1289 qffipffipfflffi,

336 1295 485 1339 cum
531 1276 766 1359 quibus
811 1277 1182 1341 testamenti
1225 1276 1426 1341 factio
1473 1280 1586 1340 est.
1676 1275 1732 1341 3.
1780 1274 1903 1350 Qui
1942 1277 2011 1339 in
2049 1280 2391 1360 potestate

335 1364 666 1428 testatoris
703 1367 802 1428 est
838 1369 951 1429 aut
986 1364 1270 1429 familiae
1306 1365 1634 1449 emptoris,
1669 1366 1853 1429 testis
1880 1368 1995 1428 aut
2021 1364 2347 1449 libripens
2360 1362 2390 1402 ⁴

337 1452 631 1516 adhiberi
675 1474 811 1517 non
844 1457 1078 1536 potest,
1113 1454 1422 1537 quoniam
1455 1453 1740 1518 familiae
1776 1453 2172 1537 mancipatio
2208 1455 2393 1519 inter

336 1545 711 1606 testatorem
749 1545 815 1606 et
848 1542 1131 1607 familiae
1166 1539 1559 1626 emptorem⁵
1593 1543 1672 1605 fit
1706 1546 1774 1605 et
1818 1542 1901 1607 ob
1939 1542 2004 1605 id
2035 1542 2392 1607 domestici

336 1634 532 1694 testes
578 1630 925 1695 adhibendi
968 1652 1102 1696 non
1147 1635 1315 1695 sunt.
1405 1632 1465 1695 4.
1511 1629 1679 1695 Fih'o
1723 1630 2038 1695 familiam
2085 1631 2391 1697 emente⁶

335 1724 522 1803 pater
565 1720 703 1783 eius
748 1720 932 1784 testis
988 1742 1124 1784 esse
1186 1740 1321 1784 non
1381 1723 1614 1804 potest.
1691 1719 1745 1783 5.
1790 1718 1897 1783 Ex
1942 1719 2199 1785 duobus
2255 1721 2392 1785 fra-

333 1808 562 1892 tribus,
609 1809 722 1891 qui
759 1809 828 1872 in
872 1807 1190 1874 eiusdem⁷
1225 1810 1433 1894 patris
1477 1812 1799 1894 potestate
1845 1812 2025 1892 sunt,
2071 1808 2244 1874 alter
2290 1810 2390 1874 fa-

333 1898 552 1963 miliae
606 1901 886 1982 emptor,
932 1899 1095 1962 alter
1147 1899 1336 1963 testis
1370 1919 1529 2022 8esse
1582 1919 1715 1962 non
1767 1901 2017 1981 potest,
2063 1899 2389 1981 quoniam

334 1986 511 2070 quod
556 2008 724 2050 unus
771 2008 848 2050 ex
893 1985 999 2051 his
1036 1987 1359 2069 mancipio
1370 1984 1678 2071 ⁸accipit,
1713 1986 2001 2069 adquirit
2036 1986 2233 2071 patri,
2272 1989 2389 2053 cui

332 2075 508 2140 filius
556 2096 712 2140 suus
758 2077 945 2139 testis
991 2094 1130 2139 esse
1174 2097 1307 2139 non
1354 2074 1558 2140 debet.
1649 2074 1703 2138 6.
1748 2073 1941 2138 Pater
1986 2072 2097 2139 et⁹
2146 2076 2263 2159 qui
2311 2077 2384 2140 in

333 2167 661 2248 potestate
696 2164 834 2228 eius
871 2168 988 2247 est,
1025 2162 1247 2228 item¹⁰
1289 2165 1416 2228 duo
1462 2163 1711 2246 fratres,
1756 2163 1869 2245 qui
1904 2164 1975 2226 in
2020 2164 2320 2228 eiusdem
2335 2164 2391 2202 ¹¹

332 2253 539 2336 patris
599 2257 916 2336 potestate
974 2257 1152 2335 sunt,
1210 2256 1404 2317 testes
1463 2252 1722 2335 utrique
1782 2252 1892 2315 uel
1953 2251 2123 2316 alter
2183 2256 2387 2318 testis

334 2341 498 2404 alter
554 2341 866 2425 libripens
926 2341 1067 2406 fieri
1124 2345 1400 2425 possunt
1462 2340 1590 2404 alio
1647 2339 1958 2403 familiam
2029 2346 2289 2406 emente
2308 2340 2387 2426 ¹²,

331 2429 640 2514 quoniam
684 2429 853 2495 nihil
897 2434 1086 2495 nocet
1122 2451 1199 2493 ex
1236 2451 1365 2493 una
1411 2429 1606 2492 domu
1650 2430 1866 2512 plures
1913 2432 2112 2493 testes
2160 2430 2387 2497 alieno

115 2520 599 2605 197banegotio
646 2518 955 2583 adhiberi.
1042 2518 1094 2583 7.
1133 2518 1374 2601 Mutus,
1413 2514 1423 2603 Ι
1466 2517 1712 2600 surdae,
1756 2517 2040 2581 furiosus
2052 2515 2122 2598 ¹⁸,
2158 2522 2387 2603 pupil-

480 2715 531 2781 1)
571 2711 913 2766 contestatio
967 2711 1159 2765 Titius
1218 2708 1504 2763 contentio
1552 2709 1613 2761 V.
1795 2711 1847 2775 2)
1885 2707 2106 2762 factum
2164 2711 2228 2764 V.

334 2784 388 2852 3)
426 2782 702 2851 libripens
739 2781 1065 2852 adhibetur]
1104 2779 1282 2835 librae
1320 2797 1495 2849 pensa
1532 2779 1768 2833 debetur
1800 2779 1862 2832 V.
1972 2782 2029 2847 4)
2069 2782 2172 2834 aut
2209 2782 2389 2837 libri-

329 2854 495 2925 pens]
553 2854 627 2907 ad
683 2853 865 2907 librae
917 2868 1094 2922 pensa
1141 2851 1203 2905 V.
1386 2852 1439 2919 5)
1477 2850 1688 2917 emptio
1751 2851 1810 2904 V.
1993 2855 2050 2919 6)
2087 2851 2387 2909 familiam

330 2926 552 2979 emente
614 2924 920 2995 Schultiny.
1015 2922 1271 2977 familiae
1306 2923 1497 2975 mente
1543 2921 1605 2974 V.
1821 2922 1874 2989 7)
1910 2921 2113 2975 eodem
2160 2923 2227 2978 V.

329 2999 385 3065 8)
421 2996 771 3065 mancipium
819 2996 879 3048 V.
1050 2995 1103 3063 9)
1140 2995 1200 3047 et
1245 2993 1306 3047 V.
1365 2995 1423 3046 et
1458 2991 1606 3045 filius
1642 2992 1778 3062 Diy.
1833 3006 1938 3045 nec
1983 3009 2100 3046 non
2138 2994 2190 3047 is
2228 2997 2386 3053 [πει.

333 3071 422 3135 10)
458 3067 597 3121 item
654 3068 788 3138 Diy.
828 3068 967 3122 [πεί.
1024 3064 1319 3118 institutus
1388 3064 1448 3117 V.
1594 3065 1682 3128 11)
1721 3061 1972 3115 eiusdem
2030 3065 2168 3135 Dtssy
2227 3067 2385 3124 [πει.

328 3137 453 3190 eius
492 3138 553 3192 V.
702 3141 791 3206 12)
828 3137 1109 3191 familiam
1147 3135 1391 3205 emente]
1429 3132 1682 3187 familiae
1719 3136 1909 3187 mente
1955 3133 2020 3187 V.
2136 3138 2295 3205 13)‘
2300 3157 2391 3194 an

326 3209 536 3263 excidit
571 3225 782 3275 seruus,
820 3207 1206 3277 peregrinus?'
1248 3207 1367 3260 Hu

453 3302 1189 3415 ”Tit.XX.§1.cf.Serv.
1227 3346 2385 3420 Sulpicww(suprap34)1.2‚.10pr

329 3418 2387 3488 —52cf'Ga221018q12101—§807‘Ga22105

326 3464 2387 3622 }072.llo26109—§6==D2251712108—57cf
