2650 3917
813 142 937 201 ΘΜ
973 142 1229 200 INSTIT.
1266 146 1293 198 Ι
1332 149 1630 199 les-157.
2110 141 2247 208 185·

202 332 335 376 nou
378 311 534 392 quia
576 311 955 375 nominatim
992 332 1066 374 ea
1110 311 1254 396 lege
1296 309 1375 373 de
1411 307 1532 373 hae
1577 307 1781 373 tutela
1827 314 2093 387 cauetur,
2128 307 2253 373 sed?

207 402 358 483 quia
410 399 680 483 proinde
736 403 997 483 accepta
1045 403 1142 463 est
1195 420 1312 482 per
1365 399 1989 482 interpretationem,
2044 401 2246 480 atque·

205 489 259 552 si
315 488 531 553 uerbis
577 488 742 575 legis
787 487 1176 553 introductal
1237 491 1430 552 esset:
1497 510 1571 552 eo
1629 488 1800 551 enim
1846 488 2015 572 ipso,
2074 487 2241 569 quod

202 577 584 644 hereditates
628 577 1012 643 libertorum
1067 577 1594 661 libertammque,
1650 576 1705 641 si
1748 576 1755 660 ἦ
1798 576 2089 641 intestati
2133 575 2237 639 de-
2274 573 2351 626 46'

204 669 565 750 cessissent,
628 667 901 733 iusserat
954 666 1061 731 lex
1116 666 1197 730 ad
1255 669 1565 750 patronos
1629 665 1952 731 liberosue
2017 686 2238 729 eorum
2273 646 2314 698 t·
2346 660 2407 697 θ’·

200 759 546 841 pertinere,
595 756 1003 821 erediderunt
1048 762 1298 822 ueteres
1346 756 1629 821 uoluisse
1663 755 1874 840 legem
1912 756 2105 818 etiam
2141 759 2237 817 tu-

202 845 365 910 telas
413 846 493 910 ad
539 867 649 911 eos
695 846 1035 929 pertinere,
1082 845 1235 930 quia
1280 846 1348 910 et
1394 849 1682 930 agnatos,
1729 866 1891 928 quos
1940 843 2020 908 ad
2063 842 2240 907 here-

204 936 474 1000 ditatem
521 937 801 1018 uocauit,
847 936 1104 1001 eosdem
1150 939 1214 998 et
1259 938 1507 999 tutores
1554 955 1690 999 esse
1736 935 2024 998 iusserat.

340 1024 459 1109 [De
488 1029 799 1088 fiduciaria
828 1031 1021 1089 tutela.
1034 1022 1085 1108 ²]
1145 1023 1269 1088 166.
1317 1023 1636 1108 Exemplo
1682 1026 2101 1107 patronorum
2146 1043 2241 1084 re-

205 1119 393 1199 cepta
440 1112 573 1178 est⁸
618 1119 674 1178 et
717 1113 855 1179 alia
899 1113 1113 1192 tutela,
1155 1135 1314 1195 quae
1358 1120 1414 1178 et
1457 1115 1602 1194 ipsa
1646 1113 1926 1196 leyitima
1969 1116 2243 1176 uocatur.

202 1225 358 1268 nam
394 1205 455 1268 si
489 1205 632 1285 quis
665 1203 874 1286 filium
918 1209 1269 1285 nepotemue
1314 1209 1425 1267 aut
1457 1208 1857 1284 pronepotem
1904 1200 2245 1283 inpuberes,

202 1293 305 1358 uel
357 1292 567 1374 filiam
621 1299 937 1374 neptemue
991 1299 1101 1357 aut
1139 1298 1502 1373 proneptem
1562 1298 1693 1356 tam
1734 1291 2001 1374 puberes
2052 1310 2244 1373 quam

204 1382 533 1465 inpuberes
568 1382 754 1446 alteri
790 1403 863 1446 ea
899 1383 1025 1464 leye
1069 1383 1386 1464 mancipio
1429 1382 1680 1460 dederit,
1726 1386 1798 1445 ut
1829 1380 1953 1446 sibi
1995 1401 2248 1445 reman-

206 1473 585 1554 eipareutur,
611 1473 1183 1553 remaueipatosque
1209 1471 1663 1549 manumiserit,
1698 1470 2009 1552 leyitimus
2035 1490 2246 1534 eorum

206 1567 371 1626 tutor
416 1562 549 1626 erit.
641 1559 794 1625 166⁸.
845 1559 1011 1624 Sunt
1047 1565 1112 1625 et
1159 1560 1320 1624 aliae
1366 1559 1622 1644 tutelae,
1672 1582 1833 1642 quae
1878 1559 2249 1624 fiduciariae

207 1655 542 1734 uocantur,
590 1649 655 1714 id
693 1653 790 1713 est
838 1671 1000 1732 quae
1038 1649 1181 1714 ideo
1218 1649 1407 1713 nobis
1457 1653 1850 1733 competunt,
1898 1650 2049 1732 quia
2089 1647 2249 1713 libe-

207 1762 353 1805 rum
422 1743 618 1824 eaput
679 1740 1117 1823 mancipatum
1176 1737 1365 1802 nobis
1430 1738 1536 1802 uel
1602 1761 1639 1801 a
1710 1741 1975 1822 parente
2039 1738 2146 1800 uel
2209 1759 2252 1799 a.

209 1828 757 1913 coemptionatore
785 1825 1399 1893 manumiserimus.4
1460 1826 1585 1891 167.
1626 1826 1750 1891 Sed
1779 1825 2153 1890 Latinarum
2184 1829 2255 1889 et

207 1917 589 1984 Latinorum
627 1916 1033 2001 impuberum
1072 1917 1260 1982 tutela
1296 1938 1427 1980 non
1466 1918 1641 1980 omni
1679 1915 1871 1979 modo
1901 1915 1979 1979 ad
2026 1936 2249 1979 manu-

208 2007 513 2072 missores
572 2005 1019 2071 libertinorum
1039 2002 1061 2041 ⁵
1105 2007 1416 2091 pertinet,
1481 2005 1590 2069 sed
1643 2004 1725 2069 ad
1771 2026 1879 2069 eos
1889 2054 1907 2088 ,
1972 2025 2251 2088 quorum

356 2220 409 2286 1)
446 2216 771 2271 introducta
808 2219 946 2273 Iust
994 2220 1228 2286 accepta
1265 2216 1332 2270 V.
1552 2220 1604 2286 2)
1644 2218 1714 2270 de
1760 2215 2055 2269 fiduciaria
2100 2216 2162 2269 iu
2197 2214 2253 2268 V

206 2290 390 2358 spatio
425 2289 611 2344 relicto
655 2290 920 2357 seriptum
966 2296 1043 2344 est
1086 2296 1218 2358 post
1267 2306 1493 2371 sequeus
1545 2291 1926 2357 patronorum.
2072 2289 2126 2357 3)
2163 2303 2258 2340 re-

209 2362 379 2428 cepta
414 2360 525 2431 est]
579 2362 769 2414 rectae
805 2359 870 2414 V.
926 2361 1016 2415 hie
1070 2362 1306 2415 inseruit
1344 2362 1596 2431 Krueyer
1639 2360 2062 2430 parayraplmm
2109 2375 2249 2413 eom-

200 2433 445 2501 positam
493 2449 560 2486 ex
604 2432 923 2486 Iust.1ust
965 2436 1111 2499 1,18
1150 2440 1201 2486 et
1239 2431 1368 2486 Gai.
1410 2437 1592 2498 1,172
1648 2448 1871 2501 eumque
1925 2437 2139 2485 semotus
2175 2435 2252 2484 est

210 2504 365 2569 Hu.,·
402 2519 569 2573 quam
606 2519 706 2557 uos
732 2504 917 2558 leviter
950 2505 1300 2558 mutavimus.
1346 2521 1480 2557 uam
1512 2502 1822 2571 ‘deinceps’
1853 2504 1966 2556 viee
1994 2502 2263 2556 adieetim

208 2575 478 2645 fuuqeus,
532 2574 680 2643 quod
733 2591 800 2628 ex
855 2577 992 2629 Iust.
1040 2577 1180 2630 Iust.
1236 2582 1554 2644 receperunt
1587 2582 1638 2628 et
1674 2576 1779 2628 Kr.
1819 2582 1870 2628 et
1908 2574 2053 2639 Hu„
2108 2574 2259 2626 iuter

208 2647 466 2701 classicos
491 2653 742 2700 auctores
774 2663 926 2700 uuus
966 2648 1247 2716 Ulpianus
1280 2648 1591 2716 usurpavit.
1666 2647 1734 2713 cf.
1765 2646 1838 2699 E.
1875 2646 1980 2699 Th.
2010 2645 2263 2710 Schulze,

210 2719 424 2772 Ztsehr.
465 2718 519 2770 d.
556 2717 683 2773 Sav.
723 2718 908 2788 Stifty.
948 2717 1090 2785 Vm,
1120 2723 1240 2772 290.
1460 2721 1514 2787 4)
1556 2718 1702 2772 ‘eum
1743 2716 1926 2772 Gaius
1960 2717 2027 2769 de
2069 2714 2263 2770 tutelis

208 2788 527 2856 fiduciaries
570 2790 793 2858 plurali
827 2806 1052 2844 numero
1089 2793 1367 2860 loquatur,
1414 2790 1665 2844 dubitari
1706 2794 1915 2857 potest,
1960 2805 2095 2841 uum
2132 2802 2252 2840 eam

210 2877 452 2930 quoque,
507 2877 648 2930 quae
692 2861 756 2913 iu
800 2862 1125 2927 Iust.1,19
1162 2864 1284 2916 sola
1318 2864 1599 2927 remansit,
1636 2859 2081 2916 commemoravit.
2154 2873 2264 2911 ‘nee

210 2939 396 2987 tamen
440 2932 541 2986 hoc
593 2933 708 2987 loco
753 2934 972 2986 iniuria
1017 2933 1068 2987 ei
1112 2950 1148 2985 a
1202 2934 1434 2988 librario
1488 2934 1641 2999 faeta
1696 2948 1803 2986 esse
1855 2932 2087 2985 videtur.
2180 2930 2261 2996 ef

216 3004 443 3071 1,1·16’.
502 3004 622 3058 Hu.
790 3005 843 3073 5)
881 3003 1074 3058 liueris
1107 3007 1115 3073 Ι
1146 3008 1399 3071 ineorum
1435 3003 1503 3058 V.

357 3186 388 3247 5
431 3187 550 3236 166.
607 3182 677 3249 cf.
707 3183 757 3235 1.
791 3188 840 3249 1,
871 3186 953 3238 18.
1009 3184 1167 3250 infra
1196 3187 1245 3247 1,
1279 3187 1408 3248 1723
1440 3186 1559 3237 175.
1608 3181 1686 3235 D.
1717 3187 1802 3247 26,
1830 3186 1883 3248 4,
1913 3186 1963 3248 9,
1994 3185 2060 3234 10
2095 3181 2262 3250 (Ulp.

214 3255 393 3322 2666).
457 3254 513 3309 0.
556 3258 604 3321 2,
636 3257 705 3308 2ο
726 3255 855 3323 (21)
885 3258 916 3306 6
956 3257 1028 3324 (a.
1069 3255 1209 3323 296).
1268 3259 1317 3320 6,
1350 3260 1437 3322 61,
1466 3254 1594 3322 2(1)
1634 3255 1707 3323 (a.
1739 3253 1880 3320 294).

357 3329 389 3390 5
431 3330 574 3378 166.
590 3295 763 3379 '=1.
798 3330 959 3393 1,19.
1015 3342 1189 3395 supra
1229 3332 1277 3392 1,
1304 3295 1437 3379 ’116.’
1489 3326 1645 3392 infra
1686 3327 2067 3390 1,1·12;176;
2108 3327 2259 3377 196·.

224 3396 350 3464 Uzp.
392 3402 479 3463 11,
509 3401 559 3450 5
616 3396 692 3450 D.
733 3368 1178 3466 26,’44(Μοιι.
1221 3400 1323 3466 14).

357 3473 389 3532 ἓ
430 3440 1910 3537 167.εί.ϊ]ῖμ11,19.ενφνα1,36.ίηῐνα3,66.
1978 3468 2064 3521 leoe
2101 3465 2261 3534 Salp

211 3543 282 3594 28
320 3540 542 3609 (Bruns
566 3538 992 3610 1⁶,143).1ege
1028 3539 1213 3610 Iunia]
1251 3540 1320 3607 cf.
1360 3557 1534 3609 supra
1574 3547 1622 3606 1,
1655 3545 1738 3595 22.
