2650 3917
829 156 944 213 -Vo
951 156 1162 212 LVSIV
1164 156 1212 209 S.
1237 154 1678 211 MAECIANVS.
2146 155 2230 218 41
2239 155 2279 219 3

242 345 438 407 quam
468 323 578 386 et
561 343 768 424 ipsam
797 325 1046 406 partem
1079 319 1372 386 infinitol
1403 341 1698 405 separare
1727 320 1956 404 possis.
2013 318 2112 383 40.
2141 318 2283 384 Nec

245 412 502 495 mirum,
549 411 605 474 si
641 411 811 475 infra
846 409 965 475 has
1010 414 1227 494 partes
1271 411 1545 494 partitio
1587 407 1760 473 facta
1798 414 1861 473 et
1906 407 2280 474 nominibus

242 506 311 566 et
357 502 531 565 notis
577 504 767 581 caret,
822 521 967 564 cum
1017 500 1212 564 etiam
1269 500 1438 564 inter
1494 498 1858 582 superiores
1913 499 2282 582 primasque

246 590 598 655 diuisiones
644 591 988 675 pleraeque
1047 593 1261 673 partes
1310 593 1375 652 et
1429 588 1797 653 nominibus
1846 592 1910 653 et
1962 587 2137 652 notis
2186 608 2259 651 ca

244 683 455 744 reant:
504 680 727 744 statim
772 700 1050 762 namque
1103 678 1402 743 undecim
1460 677 1830 742 undecimae
1886 698 2092 741 assem
2149 677 2284 740 effi·
2341 701 2366 741 5

244 769 428 833 ciunt
490 789 608 832 nec
683 772 793 832 aut
855 790 1094 833 nomen
1153 770 1491 852 proprium
1556 770 1670 831 aut
1732 771 1954 831 notam
2018 765 2284 850 habent3

247 857 514 943 perinde
561 857 781 922 decem
829 857 1137 943 decimae3
1184 879 1332 921 nam
1379 877 1553 923 nona
1598 855 1759 930 assis
1813 855 1972 920 facit
2030 855 2286 920 unciam

246 947 408 1011 duas
447 946 756 1032 sextulas3
804 950 1051 1030 octaua,
1094 950 1170 1012 ut
1207 969 1404 1030 supra
1438 945 1757 1010 redditum
1799 950 1912 1029 est,
1960 945 2289 1009 sescuncia

248 1039 549 1120 uocatur3
597 1039 843 1120 septem
882 1037 1208 1121 septimae,
1246 1059 1410 1119 quae
1440 1038 1506 1100 et
1538 1035 1715 1119 ipsae
1753 1057 1959 1099 assem
1997 1034 2287 1118 implent,

247 1146 369 1189 nec
415 1147 648 1190 nomen
694 1127 1030 1210 proprium
1085 1147 1203 1190 nec
1256 1130 1479 1190 notam
1542 1124 1811 1209 habent3
1876 1128 2092 1188 sextae
2150 1144 2288 1187 sex·
2316 1149 2368 1189 ιο

247 1218 461 1279 tantes
506 1219 848 1300 uocantur3
908 1236 1026 1279 nec
1074 1216 1339 1298 quintae
1388 1213 1647 1299 quidem
1694 1218 1807 1278 aut
1860 1234 2097 1278 nomen
2142 1233 2287 1296 pro-

248 1305 465 1389 prium
513 1308 626 1368 aut
689 1309 912 1369 notam
975 1304 1244 1389 habent3
1309 1304 1436 1369 iam
1493 1325 1647 1369 uero
1712 1304 1939 1368 tertias
2003 1304 2290 1384 trientes,

249 1397 515 1476 quartas
590 1394 980 1476 quadrantes
990 1445 1008 1477 ,
1073 1394 1240 1458 sicut
1299 1392 1711 1458 ‘duodecimas
1784 1394 2007 1457 uncias
2069 1392 2289 1457 uocari

249 1487 584 1547 ostensum
633 1486 747 1546 est.
840 1483 929 1546 41.
976 1482 1156 1546 Infra
1200 1482 1317 1546 has
1367 1486 1612 1547 ceterae
1656 1504 1860 1566 usque
1908 1483 1986 1547 ad
2044 1485 2289 1546 sextam

251 1570 565 1634 decimam
631 1571 893 1636 nomine
956 1573 1222 1656 proprio
1286 1574 1569 1654 notaque
1634 1576 1878 1656 carent3
1944 1571 2055 1636 sed
2110 1574 2292 1635 sexta
2321 1594 2373 1635 15

253 1659 504 1723 decima
542 1662 869 1725 semuncia
907 1659 1187 1725 sicilicus
1226 1661 1499 1741 dicetur3
1541 1682 1690 1725 nam
1731 1661 2004 1725 sedecim
2043 1682 2291 1724 semun-

254 1748 395 1813 ciae
442 1752 589 1812 octo
637 1753 789 1813 sunt
833 1750 1077 1834 unciae,
1126 1749 1401 1815 sedecim
1450 1749 1676 1814 sicilici
1724 1753 2029 1833 quattuor
2065 1749 2292 1813 unciae

257 1838 441 1922 fiunt,
491 1839 745 1902 iunctae
792 1838 1000 1903 unciis
1039 1843 1184 1903 octo
1234 1860 1440 1903 assem
1489 1838 1776 1923 implent.
1869 1839 2144 1922 septima
2192 1837 2293 1901 de-

256 1927 425 1992 cima
472 1927 698 1992 deinde
744 1928 1079 1992 interiecta
1132 1928 1392 1993 nomine
1446 1932 1728 2011 notaque
1784 1931 1974 1991 caret.
2067 1929 2294 1990 octaua

256 2016 508 2081 decima
570 2017 913 2081 uocabitur
967 2018 1293 2082 semuncia
1359 2018 1635 2082 sextula:
1700 2039 1850 2081 nam
1909 2016 2031 2081 hae
2087 2015 2295 2079 decies
2324 2041 2377 2080 so

266 2106 465 2170 octies
514 2106 740 2171 ductae
788 2128 995 2170 assem
1043 2106 1351 2171 efficiunt.
1443 2105 1541 2171 42.
1588 2105 1749 2170 Post
1793 2106 1911 2169 has
1957 2105 2294 2170 inferiores

258 2198 493 2279 partes,
540 2199 809 2279 excepta
856 2196 1199 2278 semuncia,
1247 2196 1494 2260 duabus
1534 2195 1823 2279 sextulis,
1860 2195 2121 2277 sicilico,
2161 2216 2296 2260 sex-

262 2284 418 2368 tula,
466 2284 730 2348 dimidia
769 2285 1037 2369 sextula,
1067 2285 1400 2369 scriptulo,
1437 2306 1648 2368 neque
1685 2285 2001 2349 uocabula
2035 2283 2298 2368 propria

260 2394 468 2455 neque
530 2377 718 2437 notas
782 2373 1038 2439 habent.
1144 2374 1240 2439 43.
1290 2372 1680 2458 Centesima,
1746 2396 1908 2457 quae
1974 2372 2296 2438 commodi

264 2466 375 2527 aut
419 2485 760 2528 usurarum
804 2464 1067 2528 nomine
1113 2464 1194 2528 ad
1239 2467 1482 2528 sortem
1529 2463 1985 2548 applicaretur,
2034 2462 2299 2544 sicilicO,
2328 2485 2381 2526 ss

264 2551 332 2615 id
378 2557 477 2615 est
537 2550 584 2615 C
633 2574 857 2618 auerso
924 2550 1162 2636 coepit³
1215 2554 1447 2637 notari,
1512 2553 1686 2638 quod
1750 2575 1897 2618 cum
1945 2551 1992 2617 C
2042 2554 2299 2617 centum

262 2641 679 2725 significaret,
726 2644 1224 2707 conuertebatur
1260 2642 1342 2707 ad
1379 2664 1519 2710 eam
1559 2664 1892 2726 summam,
1938 2642 2119 2706 cuius
2158 2662 2299 2705 cen-

262 2731 497 2793 tesima
542 2732 763 2796 futura
808 2736 962 2816 erat,
1009 2738 1074 2797 et
1120 2732 1258 2796 siue
1302 2755 1434 2797 una
1480 2735 1894 2815 conuenerat,
1940 2752 2107 2796 unus
2156 2730 2299 2794 sici-

262 2818 448 2903 110118,
493 2820 631 2884 siue
676 2820 912 2904 plures,
958 2825 1059 2886 tot
1104 2821 1332 2887 sicilici
1378 2821 1798 2906 ponebantur.

400 2870 502 2974 44.
551 2907 734 2973 Sicut
778 2914 994 2976 autem
1049 2912 1206 2976 assis
1262 2911 1610 2995 appellatio
1669 2910 1749 2974 ad
1803 2932 2017 2975 rerum
2073 2899 2300 2974 solida·
2329 2931 2382 2972 zo

266 3019 412 3061 rum
457 2998 961 3083 hereditatisque
1007 3001 1230 3084 totius,
1278 2999 1515 3065 diuisio
1571 3004 1783 3065 autem
1842 3001 1978 3064 eius
2035 2999 2116 3062 ad
2159 3020 2301 3099 par-

268 3086 432 3151 tium
479 3087 1086 3154 demonstrationem
1132 3091 1429 3174 pertinet,
1475 3091 1569 3153 ita
1605 3091 1800 3153 etiam
1839 3088 1919 3152 ad
1963 3089 2301 3171 pecuniam

265 3179 668 3241 numeratam
712 3178 1004 3262 refertur,
1051 3200 1213 3263 quae
1260 3179 1417 3243 olim
1464 3180 1533 3243 in
1579 3200 1723 3243 aere
1770 3174 1931 3263 erat,
1966 3181 2193 3261 postea
2239 3178 2303 3239 et

270 3265 340 3329 in
385 3269 654 3351 argento
702 3266 878 3332 feriri
926 3268 1155 3353 coepit,
1202 3268 1294 3332 ita
1342 3271 1416 3332 ut
1461 3267 1672 3332 omnis
1726 3287 2027 3332 nummus
2081 3286 2304 3351 argen-

418 3481 469 3548 1)
507 3479 726 3534 infinite
765 3481 903 3545 Hu„
940 3482 1039 3547 qui
1072 3481 1238 3534 etiam
1267 3482 1585 3550 proposuit:
1630 3479 1688 3533 in
1726 3478 2024 3533 infinitum.

271 3553 327 3621 2)
365 3552 553 3620 coepit
590 3553 705 3606 Hu.
764 3567 829 3605 eo
867 3552 1019 3606 codd.
