2650 3917
358 149 394 212 7
401 148 441 212 8
1022 147 1391 203 MASVRIVS
1429 147 1752 203 SABINVS.

358 310 798 376 suffimentum
846 308 933 374 sit
978 311 1187 376 caedis
1232 308 1520 376 hostium
1568 316 1634 376 et
1677 311 2008 398 purgatio,
2063 316 2140 376 ut
2188 312 2391 376 tradit

354 400 729 465 Massurius.
774 436 863 446 —
911 399 1085 466 Ptin.
1132 422 1193 466 n.
1239 400 1297 465 h.
1351 399 1453 485 15,
1494 400 1638 466 135.

490 488 590 554 20.
636 487 712 553 In
760 488 1016 554 eosdem
1064 489 1228 554 situs
1275 489 1619 554 comitatur
1657 494 1720 553 et
1767 490 1969 574 spina,
2012 491 2390 575 nuptiarum

354 578 605 643 facibus
651 578 1183 663 auspicatissima,
1230 579 1537 664 quoniam
1579 578 1729 643 inde
1772 579 2043 643 fecerint
2076 583 2390 664 pastoreS,

302 694 326 735 5
356 667 468 752 qui
504 671 855 753 rapuerunt
894 664 1181 753 Sabinas,
1217 671 1294 732 ut
1330 672 1554 733 auctor
1591 672 1690 733 est
1724 667 2066 733 Masurius
2096 705 2180 714 —-
2213 668 2390 734 Ptin.

354 778 416 822 n.
461 756 519 821 h.
562 758 643 821 16
703 757 739 820 7
744 756 804 821 5.

489 845 575 911 21.
624 807 867 911 {serum
913 845 1115 910 altera
1148 846 1321 911 lotos
1359 846 1430 910 in
1466 845 1823 932 Volcanali,
1859 846 2034 931 quod
2069 846 2389 912 Romulus

354 934 695 1001 constituit
731 957 811 999 ex
852 934 1130 1001 uictoria
1167 935 1245 999 de
1292 934 1598 1020 decumis,
1642 956 1967 1018 aequaeua
2008 934 2158 1000 urbi
2204 936 2390 1000 intel-

354 1023 612 1110 legitur,
656 1028 731 1088 ut
776 1028 1000 1088 auctor
1046 1028 1147 1088 est
1190 1025 1530 1089 Masurius.
1568 1061 1657 1071 -
1694 1024 1868 1090 Ptin.
1913 1046 1975 1089 n.
2003 1024 2061 1089 h.
2104 1025 2206 1109 16,
2236 1025 2386 1089 236.

276 1140 329 1182 ιο
490 1112 588 1179 22.
636 1113 961 1178 Masurius
998 1112 1280 1198 palmam
1317 1113 1545 1197 lupino
1584 1114 1759 1198 adipi
1798 1114 2047 1180 dedisse
2083 1113 2390 1199 antiquos

354 1202 649 1289 tradidit3
695 1201 840 1267 ideo
876 1223 1080 1267 nouas
1126 1206 1363 1287 nuptas
1400 1202 1516 1267 illo
1554 1224 1955 1288 perunguere
1992 1203 2200 1287 postis
2239 1202 2390 1268 soli-

354 1296 473 1376 tas,
535 1314 617 1356 ne
683 1291 839 1376 quid
896 1291 1052 1356 mali
1097 1292 1548 1357 medicamenti
1594 1291 1956 1357 inferretur.
1996 1330 2080 1339 —
2120 1291 2296 1357 Ptin.
2325 1314 2388 1357 n.

353 1381 411 1446 h.
458 1381 564 1466 28,
608 1380 751 1445 142.

488 1470 583 1535 23.
629 1469 952 1535 Masurius
1000 1470 1373 1554 sanqualem
1423 1470 1813 1557 ossifragum
1860 1491 1999 1536 esse
2057 1470 2241 1554 dicit,
2295 1472 2392 1534 in-

274 1587 325 1628 15
347 1560 683 1647 ‘musulum
745 1563 961 1624 autem
1025 1558 1276 1644 pullum
1350 1559 1651 1643 aquilae,·
1702 1559 2074 1643 priusquam
2151 1559 2391 1625 albicet

356 1648 572 1713 cauda.
625 1686 701 1695 —
754 1648 930 1714 Ptin.
975 1670 1037 1713 n.
1081 1649 1141 1713 h.
1184 1648 1286 1732 10,
1322 1647 1427 1712 20.

488 1737 586 1803 24.
632 1737 952 1802 Masurius
1018 1741 1241 1802 auctor
1306 1741 1405 1803 est
1477 1738 1547 1803 L.
1593 1737 1926 1821 Papirium
2006 1741 2390 1822 praetorem,

219 1832 226 1839 ‘
357 1826 637 1891 secundo
701 1824 933 1891 herede
995 1825 1140 1911 lege
1203 1830 1463 1912 agente,
1525 1826 1845 1891 bonorum
1909 1827 2388 1912 possessionem

354 1920 581 1982 contra
626 1938 774 1980 eum
821 1915 1085 1999 dedisse,
1131 1936 1278 1981 cum
1324 1920 1531 1979 mater
1574 1919 1833 1999 partum
1880 1936 1946 1981 se
1991 1913 2153 1980 XIII
2210 1937 2388 1981 men-

273 2032 326 2073 so
355 2004 535 2070 sibus
583 2004 822 2070 diceret
866 2004 1121 2088 tulisse,
1165 2005 1473 2089 quoniam
1516 2005 1770 2070 nullum
1826 2008 2075 2069 certum
2129 2010 2387 2089 tempus

353 2093 644 2178 pariendi
691 2098 1007 2159 statutum
1052 2093 1398 2160 uideretur.
1435 2131 1525 2141 —
1564 2094 1737 2159 Ptin.
1774 2115 1836 2159 n.
1874 2094 1931 2158 h.
1982 2094 2039 2177 7,
2076 2094 2165 2158 40
2210 2101 2267 2160 et
2311 2115 2388 2159 ex

355 2204 421 2249 eo
471 2183 628 2249 Gall.
667 2183 727 2268 3,
770 2184 870 2267 16,
907 2183 1011 2247 23.

488 2272 582 2337 25.
630 2271 1055 2356 Triumphare
1090 2271 1159 2337 P.
1198 2271 1577 2338 Ventidium
1619 2272 1696 2336 de
1732 2271 1991 2337 Parthis
2028 2271 2240 2337 uoluit
2278 2270 2386 2358 (sc.

353 2361 641 2448 fortuna)
681 2361 939 2445 quidem
978 2360 1207 2445 solum,
1255 2361 1367 2426 sed
1405 2360 1675 2426 eundem
1712 2362 1781 2425 in
1818 2359 2149 2446 triumpho
2186 2361 2383 2426 Ascu-

273 2478 325 2518 25
354 2450 503 2515 lano
554 2449 666 2515 On.
711 2449 982 2535 Pompei
1029 2450 1214 2515 duxit
1263 2473 1564 2535 puerum,
1620 2473 2009 2536 quamquam
2063 2450 2388 2516 Masurius

353 2544 581 2605 auctor
654 2544 752 2605 est
814 2539 917 2604 bis
981 2540 1049 2604 in
1114 2540 1447 2624 triumpho
1513 2539 1796 2605 ductum.
1859 2577 1949 2586 —
2013 2539 2188 2606 Ptin.
2225 2562 2287 2605 n.
2324 2540 2384 2604 h.

399 2679 418 2713 ’
487 2718 582 2784 26.
628 2718 878 2782 Partim
906 2718 1077 2782 enim
1107 2718 1506 2802 scripserunt
1523 2716 1680 2805 (soil.
1708 2723 1955 2783 ueteres
1994 2715 2388 2804 scriptores),

354 2808 466 2891 qui
513 2810 762 2891 ouaret,
809 2807 1078 2871 introire
1124 2807 1390 2872 solitum
1437 2828 1602 2891 equo
1648 2805 2018 2891 uehentem3
2076 2805 2188 2870 sed
2203 2806 2226 2844 ¹
2273 2805 2388 2871 Sa-

272 2923 325 2963 so
352 2896 543 2961 binus
584 2895 941 2961 Massurius
986 2896 1257 2981 pedibus
1304 2895 1557 2982 ingredi
1605 2900 1870 2961 ouantes
1918 2895 2075 2959 dicit
2122 2917 2388 2979 sequen-

353 2985 528 3051 tibus
577 3006 683 3050 eos
728 3007 860 3050 non
906 2984 1242 3069 militibus,
1289 2986 1403 3049 sed
1445 2986 1751 3049 uniuerso
1800 2989 2040 3050 senatu.
2089 3020 2173 3032 --
2228 2985 2387 3051 Geli.

353 3073 414 3158 5,
453 3075 514 3159 6,
552 3075 655 3139 27.
1413 3131 1417 3135 ,

487 3163 580 3228 27.
629 3162 1030 3230 ²Libertinos
1076 3185 1230 3228 uero
1278 3164 1360 3228 ab
1424 3164 1720 3249 ingenuis
1776 3163 2068 3246 adoptari
2128 3163 2390 3247 quidem

498 3324 549 3391 1)
588 3322 688 3376 sed
725 3323 911 3378 Hertz.
952 3324 1011 3375 et
1056 3322 1208 3377 codd.
1392 3324 1444 3391 2)
1485 3322 1638 3376 ‘haec
1691 3337 1758 3375 ex
1804 3321 1960 3376 libris
2007 3321 2153 3376 iuris
2207 3323 2393 3377 civssn's

352 3409 460 3449 esse
494 3393 746 3463 possunt,
804 3394 1002 3462 quibus
1038 3395 1200 3448 etiam
1240 3393 1355 3448 “de
1392 3394 1602 3448 dierum
1658 3392 2059 3459 diffissionibus
2094 3399 2148 3447 et
2180 3410 2391 3464 compe-

350 3465 1067 3603 zwiffiftgatlbysgueliis
1102 3465 1430 3535 quibusdam
1456 3465 1710 3535 leyitimis
1725 3464 1973 3519 ritibuffl
2004 3465 2170 3534 eyisse
2195 3472 2386 3534 potest.
