2650 3917
354 200 483 263 134
678 199 780 253 AD
820 197 1055 253 GAIVM
1090 198 1447 253 PRAEFAT.
1484 191 1829 253 HVSCHKII
1862 198 1978 254 ΕΙ).
2015 198 2056 253 Ι.

350 386 720 444 quorumque
764 367 1120 444 quibusdam
1166 366 1373 443 Gaius,
1419 370 1472 427 si
1515 370 1710 444 ipsam
1765 368 2076 439 seientiam
2131 371 2385 445 specteS,

348 458 449 516 vix
496 459 831 533 comparari
874 459 1092 532 potest,
1139 477 1274 516 eum
1319 459 1526 533 aperte
1570 458 1800 516 imitati
1842 458 1940 516 vel
1984 460 2139 517 tecte
2185 457 2261 516 ab
2310 477 2381 516 eo

346 548 610 605 mutuati
645 548 800 606 sunt.
892 544 1287 606 Grammatici
1333 565 1568 622 quoque
1596 564 1668 604 ex
1702 547 1815 606 hoe
1851 548 2170 623 praecipue
2205 547 2383 623 libro,

349 652 500 711 quae
546 634 624 694 ad
678 637 772 694 ius
837 636 1012 694 oivile
1076 637 1470 711 pertinerent,
1534 637 1852 712 petierunt.
1942 636 2176 695 Ruente
2239 652 2382 696 vero

346 726 598 801 imperio
634 726 765 783 tam
811 724 1207 784 occidentales
1243 723 1552 802 Visigothi
1586 727 1651 783 in
1697 724 1993 784 breviario
2030 723 2382 784 Alarieiano

345 813 589 887 Gaium,
644 817 714 873 ut
757 813 911 872 ferre
959 832 1095 872 eum
1142 816 1422 891 poterant
1435 860 1450 889 ‚
1504 831 1708 872 rursus
1764 813 1981 874 scholis
2039 817 2162 873 suis
2208 830 2379 891 prae·

346 904 640 977 fecerunt,
696 921 876 978 quam
928 904 993 961 in
1049 905 1275 961 oriente
1319 902 1719 976 Iustinianus,
1773 902 1915 961 dum
1974 920 2160 962 novas
2205 905 2387 980 parat

344 991 789 1094 Institutiones,
836 993 1091 1051 maxime
1137 990 1400 1051 Gaianas
1447 1009 1582 1051 oum
1626 991 1805 1051 rebus
1862 992 2257 1079 quotidianis,
2312 1012 2387 1051 ex

348 1081 562 1156 quibus
608 1083 670 1140 et
712 1081 841 1157 ipse
886 1082 980 1141 ius
1028 1080 1346 1158 didicerat,
1393 1099 1531 1140 suas
1577 1082 1736 1157 feeit,
1783 1080 1938 1140 unde
1984 1100 2121 1141 eum
2166 1079 2383 1140 Gaium

341 1165 665 1230 -nostrum’
711 1170 1017 1248 appellare
1064 1162 1352 1252 (prooem.
1398 1169 1444 1231 L
1494 1167 1532 1246 ξ
1574 1171 1632 1245 6,
1679 1168 1717 1246 ξ
1757 1172 1795 1230 5
1834 1170 1881 1228 Ι.
1929 1170 2000 1230 de
2047 1171 2210 1246 publ.
2258 1171 2382 1230 iud.

347 1261 540 1334 4,18,
578 1262 762 1319 const.
802 1259 1053 1318 Omnem
1088 1261 1232 1336 reip.
1281 1257 1319 1335 ξ
1363 1251 1429 1341 1)
1478 1277 1620 1319 sane
1665 1259 1886 1318 mirum
1930 1279 2052 1320 non
2097 1262 2202 1320 est.
2282 1259 2383 1318 Ita

348 1367 485 1408 vero
525 1304 742 1424 ’Gaium
800 1349 920 1408 8110
975 1348 1116 1408 lieet
1162 1347 1274 1408 sub
1329 1350 1569 1408 nomine
1625 1349 1686 1408 et
1747 1347 2153 1408 multifariam
2188 1347 2382 1409 defor-

344 1440 543 1497 matus
579 1440 769 1499 totius
814 1439 1048 1515 generis
1085 1437 1335 1496 humani
1379 1438 1668 1541 magister
1701 1437 1768 1496 in
1801 1439 1930 1496 iure
1974 1437 2141 1497 civili
2183 1438 2382 1498 faetus

345 1529 450 1586 est.
545 1526 661 1587 Sed
697 1526 854 1586 sieut
897 1545 1168 1605 gemmae
1203 1527 1507 1605 ingenitus
1542 1529 1702 1606 ignis
1739 1545 1848 1586 nee
1893 1526 2165 1605 extingui
2198 1527 2381 1605 longo

346 1618 466 1675 situ
513 1635 581 1674 80
627 1616 871 1693 pulvere
919 1634 1029 1674 neo
1090 1619 1382 1692 perpetuo
1437 1635 1475 1675 8
1535 1618 1792 1693 cognata
1845 1615 1977 1675 luoe
2041 1616 2385 1693 praepediri

344 1707 560 1781 potest,
605 1707 696 1763 ita
741 1707 947 1764 nostra
992 1708 1190 1765 aetate
1228 1704 1412 1764 etiam
1453 1707 1747 1782 genuinae
1796 1702 1911 1764 Grai
1959 1704 2380 1765 Institutiones

346 1814 376 1851 e
412 1793 743 1854 multorum
779 1793 1149 1854 saeculorum
1187 1794 1488 1854 oblivione
1523 1794 1914 1854 resuscitatae
1950 1794 2143 1854 denuo
2181 1793 2382 1854 effice.-

344 1883 646 1944 eissimum
694 1884 941 1944 acrioris
996 1883 1181 1942 studii
1226 1900 1295 1942 80
1351 1884 1664 1959 penitioris
1716 1884 1866 1944 iuris
1926 1883 2121 1943 civilis
2177 1883 2383 1961 cogni-

342 1973 526 2032 tionis
573 1974 933 2032 fermentum
980 1991 1233 2032 evasere.

352 2102 357 2108 -
478 2060 592 2120 Gai
644 2062 1059 2121 Institutiones
1118 2061 1293 2121 unico
1348 2061 1549 2122 oodioe
1605 2060 1936 2122 Veronensi
1986 2061 2381 2139 palimpsesto

344 2154 610 2211 servatas
685 2168 836 2224 esse,
908 2150 1205 2211 Niebuhri
1268 2151 1344 2210 ab
1410 2150 1724 2211 Hauboldo
1799 2150 2092 2211 admoniti
2162 2153 2380 2212 merito

345 2259 396 2299 8.
446 2237 857 2298 MDOCGXVI
919 2242 1162 2299 invento
1225 2243 1285 2299 et
1340 2259 1378 2299 8
1423 2238 1791 2314 GoesohenO,
1857 2243 2160 2316 assumpto
2216 2242 2381 2300 80010

343 2328 697 2407 HollwegiO‚
737 2346 893 2387 anno
930 2328 1279 2405 insequente
1317 2348 1624 2405 nunquam
1661 2331 1808 2389 satis
1845 2328 2146 2389 laudando
2180 2329 2383 2389 studio

346 2419 726 2494 transcripto,
762 2419 828 2476 in
855 2418 1071 2496 vulgus
1109 2421 1320 2477 notum
1357 2421 1462 2479 est.
1555 2418 1645 2477 De
1693 2421 1890 2477 aetate
1935 2419 2113 2477 huius
2160 2416 2384 2479 codicis

342 2509 469 2583 ipse
514 2507 855 2566 Niebuhrus
903 2510 965 2566 et
1007 2510 1217 2583 postea.
1262 2507 1390 2566 Ulr.
1437 2507 1708 2585 Koppius
1754 2500 2066 2589 (Zeitsohr.
2103 2507 2144 2567 f.
2184 2508 2383 2583 geseh.

343 2596 490 2654 RW.
538 2596 625 2654 IV
672 2589 832 2677 473)
879 2615 999 2656 non
1044 2596 1236 2656 videri
1280 2615 1416 2655 eum
1461 2600 1598 2673 post
1640 2595 2044 2657 lastinianum
2088 2598 2385 2672 seriptum

343 2686 468 2745 esse
531 2685 976 2758 iudicaverunt3
1043 2685 1205 2761 quod
1268 2689 1340 2744 ut
1401 2684 1698 2745 rationem
1759 2685 1958 2761 habet,
2023 2687 2114 2746 ita
2175 2683 2386 2746 temen

342 2773 678 2834 addendum
733 2778 823 2833 est
866 2794 975 2834 nee
1031 2774 1221 2834 multo
1278 2776 1417 2833 ante
1481 2774 1769 2851 seriptum
1820 2774 2039 2849 viderit,
2102 2774 2166 2833 id
2219 2775 2384 2835 enim

343 2864 638 2942 glossema
702 2865 923 2924 evincit
988 2863 1180 2923 adhue
1245 2883 1366 2923 non
1429 2862 1809 2923 observatum
1822 2857 1863 2939 ²,
1924 2863 2085 2940 quod
2138 2862 2389 2940 irrepsit

346 2956 403 3025 2,
437 2955 561 3012 195
620 2949 909 3032 ‘legatum
973 2952 1088 3013 sibi
1143 2971 1269 3013 esse
1333 2947 1696 3029 dimissum'3
1750 2972 1892 3014 nam
1948 2944 2221 3012 ‘dimitti'
2267 2973 2386 3030 pro

488 3159 539 3224 1)
577 3155 750 3210 Nulla
814 3160 1010 3212 contra
1070 3157 1290 3211 ratione
1355 3156 1733 3229 Boeekingius
1798 3158 1873 3212 ad
1919 3162 2112 3227 &198
2174 3163 2387 3216 notans

341 3226 491 3296 (edd.
523 3232 554 3281 3
584 3231 642 3281 et
669 3231 723 3297 4)
798 3228 1040 3284 losseme.
1074 3228 1158 3284 ibi
1194 3228 1266 3284 de
1266 3229 1613 3298 prehendere
1650 3229 1762 3284 sibi
1796 3229 1949 3285 visus
1977 3234 2100 3299 est,
2116 3235 2390 3300 respeotn

342 3298 402 3352 L.
442 3303 511 3351 20
550 3296 606 3352 C
645 3299 717 3352 de
871 3300 920 3354 is
957 3302 1029 3370 (6,
1059 3304 1113 3371 2)
1152 3300 1488 3355 confectum.
1565 3300 1894 3356 ‘Probatum
1932 3302 2042 3356 est'
2081 3316 2153 3356 ne
2191 3305 2391 3371 potest

341 3369 573 3438 quidem
612 3369 769 3424 aliud
810 3372 858 3425 si
860 3371 1129 3441 gnifioare
1175 3375 1348 3441 atque
1394 3373 1545 3442 qnod
1591 3376 1722 3441 post
1766 3373 1979 3427 dieitur
2026 3374 2391 3443 ‘responsum

342 3444 401 3495 et
436 3440 793 3497 iudicatnm’.
860 3390 1011 3498 gAliis
1050 3460 1183 3498 sane
1221 3443 1578 3514 glossematis
1608 3443 1944 3499 Veronensis
1984 3444 2160 3499 codex
2197 3444 2392 3502 defor—

340 3515 529 3567 matus
567 3517 670 3582 est,
709 3514 811 3568 sed
847 3514 1075 3585 talibus,
1113 3528 1259 3584 quae
1297 3516 1372 3570 ad
1406 3519 1659 3585 tempus,
1707 3532 1820 3584 quo
1866 3515 2111 3586 scriptus
2151 3516 2247 3584 sit,
2285 3518 2393 3575 de·

341 3583 653 3638 finiendum
690 3602 802 3640 non
838 3559 1075 3643 faciunt.
