2650 3917
355 148 487 215 246
953 150 1079 204 GAJ
1112 148 1368 204 INSTIT.
1406 149 1458 202 Π
1493 154 1792 202 211-215.

356 312 700 378 cuiuslibet
746 314 1032 377 extranei
1068 336 1204 377 rem
1249 311 1464 397 legare
1499 316 1731 397 potest.
1824 313 1944 378 211.
1992 311 2118 376 Sed
2157 312 2212 377 si
2254 315 2393 397 qui-

355 403 501 468 dem
548 403 775 467 mortis
822 403 1151 467 testatoris
1198 407 1489 485 tempore
1527 424 1625 465 res
1664 401 1770 466 uel
1807 402 2011 486 ipsius
2059 403 2391 467 testatoris

354 493 441 557 sit
484 493 591 556 uel
638 492 907 575 heredia,
952 493 1142 575 plane
1189 493 1347 557 utile
1393 493 1678 576 legatum
1728 495 1842 574 est,
1890 491 2144 556 etiamsi
2200 496 2391 556 testa-

352 583 554 645 menti
600 581 878 646 faciendi
923 585 1212 665 tempore
1267 582 1557 645 neutrius
1613 581 1825 645 fuerit.
1919 581 2048 645 212.
2097 580 2286 657 Quod
2336 581 2392 645 si

353 675 505 756 post
558 675 831 735 mortem
894 672 1224 735 testatoris
1271 694 1345 735 ea
1398 691 1497 733 res
1564 669 1816 734 heredis
1881 691 2019 734 esse
2085 672 2394 755 coeperit,

355 761 712 845 quaeritur,
772 783 856 824 an
918 759 1079 824 utile
1150 761 1234 823 sit
1297 761 1607 844 legatum:
1674 763 1738 823 et
1800 760 2092 843 plerique
2158 764 2394 843 putant

355 850 585 915 inutile
640 871 795 914 esse.
889 849 1043 933 quid
1108 870 1260 933 ergo
1327 847 1468 913 est?
1531 848 1685 911 lieet
1749 849 1983 933 aliquis
2048 870 2189 912 eam
2253 871 2392 913 rem

353 940 686 1024 legauerit‚
717 961 879 1022 quae
917 959 1123 1021 neque
1153 938 1289 1002 eius
1327 959 1634 1021 umquam
1673 937 1871 1002 fuerit
1906 960 2115 1022 neque
2165 942 2393 1022 postea

354 1029 606 1093 heredis
645 1029 784 1092 eius
822 1049 1132 1111 umquam
1171 1049 1308 1092 esse
1349 1027 1648 1110 eoeperit,
1677 1049 1756 1091 ex
1796 1031 2052 1092 senatus
2092 1029 2391 1093 consulto

351 1116 726 1182 Neroniano
774 1118 1044 1202 proinde
1089 1117 1368 1199 uidetur,
1415 1137 1489 1179 ac
1526 1116 1582 1180 61
1618 1139 1735 1200 per
1782 1116 2260 1181 damnationem
2297 1139 2393 1181 re-

352 1208 506 1272 licta
553 1211 734 1271 esset.
829 1206 954 1271 213.
1004 1205 1186 1271 Siout
1233 1211 1445 1271 autem
1493 1228 1607 1289 per
1655 1206 2132 1270 damnationem
2177 1205 2394 1293 legata

352 1318 454 1361 res
500 1318 630 1360 non
678 1296 895 1360 statim
940 1300 1091 1380 post
1135 1295 1376 1360 aditam
1431 1296 1851 1359 hereditatem
1907 1294 2199 1381 legatarii
2258 1296 2394 1360 effi-

355 1387 542 1468 citur,
586 1385 693 1449 sed
742 1389 957 1449 manet
1002 1384 1256 1449 heredis
1305 1407 1380 1449 eo
1426 1406 1651 1468 usque,
1698 1384 1900 1448 donec
1937 1383 2033 1447 is¹
2076 1385 2390 1449 tradendo

353 1476 460 1538 uel
504 1475 930 1557 mancipando
968 1476 1076 1538 uel
1112 1474 1180 1537 in
1218 1475 1357 1538 iure
1396 1474 1674 1539 cedendo
1713 1473 2009 1560 legatarii
2051 1496 2193 1538 eam
2230 1475 2395 1540 fece-

354 1563 459 1646 rit,
522 1564 617 1627 ita
672 1568 737 1628 et
781 1563 849 1627 in
905 1563 1154 1627 sinendi
1216 1564 1410 1628 modo
1477 1564 1693 1648 legato
1750 1564 1907 1627 iuris
1956 1567 2079 1649 est3
2135 1568 2199 1628 et
2244 1564 2391 1629 ideo

355 1653 549 1717 huius
615 1674 872 1736 quoque
933 1653 1133 1738 legati
1200 1652 1459 1716 nomine
1520 1654 1587 1715 in
1651 1674 1991 1736 personam
2059 1654 2227 1718 actio
2295 1660 2395 1718 est

355 1760 700 1819 QVIDva
775 1760 1118 1806 HEREDEM
1186 1760 1282 1805 Ex
1345 1758 1812 1806 TESTAMENTO
1870 1760 2058 1806 DARE
2116 1759 2392 1807 FACERE

289 1883 295 1889 .
355 1849 699 1896 OPORTET.
793 1832 920 1895 214.
971 1830 1136 1895 Sunt
1182 1835 1413 1914 tamen,
1461 1831 1573 1914 qui
1618 1835 1851 1915 putant
1888 1853 1967 1895 ex
2004 1831 2128 1895 hoc
2172 1832 2391 1917 legato

352 1943 484 1985 non
550 1920 757 1986 uideri
823 1920 1181 2006 obligatum
1245 1920 1572 2004 heredem,
1634 1926 1710 1985 ut
1772 1921 2097 2004 mancipet
2151 1925 2262 1984 aut
2324 1921 2395 1986 in

215 2017 315 2067 109
353 2012 493 2075 iure
531 2010 714 2075 cedat
754 2011 762 2095 Ι
803 2015 915 2075 aut
958 2010 1188 2094 tradat,
1226 2010 1337 2073 sed
1376 2010 1684 2093 sufficere,
1722 2014 1798 2074 ut
1835 2010 2217 2097 legatarium
2255 2032 2395 2075 rem

356 2122 605 2165 sumere
652 2101 960 2185 patiatur3
1009 2100 1160 2183 quia
1195 2099 1362 2163 nihil
1398 2099 1568 2163 ultra
1607 2100 1666 2163 ei
1710 2103 1983 2164 testator
2030 2101 2395 2184 imperauit,

357 2212 549 2274 quam
595 2193 670 2252 ut
731 2190 925 2272 sinat,
988 2189 1056 2252 id
1101 2193 1198 2253 est
1261 2188 1571 2272 patiatur,
1634 2188 2016 2275 legatarium
2080 2212 2217 2253 rem
2265 2189 2395 2254 sibi

354 2279 608 2343 habere.
701 2278 825 2343 215.
872 2278 1082 2343 Maior
1127 2278 1239 2343 illa
1286 2277 1597 2342 dissensio
1645 2278 1713 2341 in
1760 2278 1886 2344 1106
1931 2277 2149 2362 legato
2195 2280 2393 2343 inter-

355 2369 562 2450 uenit,
609 2367 664 2431 si
730 2368 995 2432 eandem
1060 2389 1192 2431 rem
1260 2367 1512 2431 duobus
1575 2367 1955 2451 pluribusne
2020 2367 2395 2432 disiunctim

354 2458 615 2543 legasti3
664 2456 926 2540 quidam
970 2461 1205 2541 putant
1250 2453 1581 2540 utrisque²
1622 2456 1893 2521 solidam
1943 2457 2177 2540 deberi,
2225 2457 2396 2522 sieut

354 2568 471 2632 per
518 2544 1052 2611 damnationem⁸z
1097 2545 1397 2611 nonnulli
1445 2546 1823 2630 occupantis
1871 2568 2010 2611 esse
2057 2546 2395 2612 meliorem

357 2636 797 2701 condicionem
863 2635 1230 2720 aestimant,
1297 2635 1475 2720 quia,
1543 2656 1687 2699 oum
1752 2658 1827 2700 eo
1894 2657 2126 2722 genere
2190 2637 2395 2722 legati

357 2726 694 2789 damnetur
730 2725 913 2789 heres
951 2725 1331 2809 patientiam
1370 2728 1712 2809 praestare,
1749 2728 1822 2789 ut
1860 2725 2212 2811 legatarius
2251 2747 2393 2790 rem

355 2813 606 2893 habeat,
672 2815 983 2899 sequitur,
1037 2818 1112 2878 ut
1176 2815 1230 2878 61
1287 2814 1489 2898 priori
1553 2814 1933 2897 patientiam
1998 2815 2395 2898 praestiterit

502 3011 552 3076 1)
590 3008 638 3061 is
676 3008 837 3062 heres
872 3007 940 3060 V.
1089 3010 1141 3077 2)
1178 3006 1405 3075 utrique
1433 3008 1728 3062 Pole‘naar.
1878 3010 1928 3077 3)
1969 3007 2393 3062 damnationem

361 3080 646 3136 Goeschen.
719 3078 1163 3133 uindicationem
1205 3078 1266 3133 V.

498 3264 562 3325 §ss
601 3264 721 3312 211.
761 3263 882 3312 212.
940 3259 1008 3325 ef.
1044 3258 1158 3313 Gai
1194 3259 1319 3326 epit.
1360 3263 1410 3325 2,
1440 3262 1490 3324 5,
1519 3262 1567 3311 6.
1631 3259 1731 3312 Fr.
1763 3259 1884 3313 Vat.
1916 3263 1984 3312 85
2023 3258 2177 3328 (Uzp.
2210 3262 2393 3327 2569).

498 3337 528 3398 ς
569 3335 689 3385 213.
747 3332 816 3397 cf.
853 3347 1027 3398 supra
1066 3336 1116 3397 2,
1146 3335 1266 3383 204.
1335 3347 1596 3390 ovmovm
1635 3330 1754 3401 eta]
1794 3330 1862 3397 ef.
1902 3330 2060 3397 infra
2097 3336 2148 3398 4,
2176 3334 2263 3383 41.

498 3409 528 3469 ξ
568 3409 687 3456 214.
755 3401 825 3468 cf.
877 3401 992 3456 Gai
1044 3403 1168 3470 epit.
1227 3407 1277 3468 2,
1306 3406 1358 3468 5,
1389 3408 1438 3453 6.
1511 3403 1668 3468 infra
1725 3408 1775 3469 2,
1805 3407 1924 3456 280.
1999 3404 2075 3455 D.
2127 3406 2211 3469 19,
2240 3407 2291 3467 2,
2321 3406 2391 3454 29

355 3476 495 3545 (Alf.
535 3477 640 3543 27).
699 3478 785 3540 34,
815 3478 960 3539 3,16
999 3474 1186 3541 (Paul.
1229 3475 1405 3540 1172).

499 3551 529 3616 g
569 3550 689 3599 215.
746 3545 816 3611 cf.
854 3544 930 3597 D.
971 3548 1058 3611 33,
1087 3549 1138 3612 2,
1168 3549 1234 3597 14
1272 3545 1428 3613 (Cels.
1461 3546 1602 3613 153).
1662 3543 1720 3598 0.
1759 3548 1810 3612 6,
1840 3550 1926 3612 51,
1958 3551 2007 3613 1,
2037 3551 2102 3598 11
2143 3547 2216 3614 (a.
2246 3546 2393 3614 534).
