2650 3917
595 159 696 214 AD
733 158 1033 215 VLPIANI
1067 159 1404 215 REGVLAS
1442 159 2001 215 PRAEMONITVM.
2186 160 2318 226 439

424 322 563 400 Quo
610 328 902 407 tempore
954 323 1122 388 liber
1155 322 1556 410 Regularum
1594 324 1911 408 genuinus
1954 323 2024 387 in
2061 323 2319 388 brevius

287 417 657 480 contractus
704 414 807 499 sit,
861 413 1221 478 Mommsen
1279 413 1322 476 l.
1363 434 1415 477 c.
1461 412 1609 476 inde
1660 411 2090 496 probabiliter
2135 413 2321 497 eruit,

287 503 463 586 quod
506 506 641 567 tam
687 524 767 566 ex
802 502 902 586 iis,
949 524 1109 586 quae
1148 502 1541 586 epitomator
1577 500 1829 585 delevit,
1876 523 2069 584 quam
2107 524 2186 566 ex
2223 502 2321 584 iis,

282 613 449 676 ‚quae
503 592 767 676 reliquit
825 591 1070 656 intacta
1134 589 1241 674 (cf.
1295 591 1576 674 exempli
1629 591 1838 676 gratia
1891 589 2039 674 Ulp.
2096 591 2202 676 22,
2231 588 2320 678 6),

288 679 595 766 Epitoma
640 682 885 764 optime
930 680 1273 744 conuenire
1317 678 1575 745 videtur
1619 700 1764 744 cum
1811 702 1886 744 eo
1934 681 2091 763 iure,
2146 680 2320 765 quod

283 770 418 833 lata
462 771 607 855 lege
655 767 1061 835 Constantini
1108 766 1157 833 I.
1202 789 1375 832 anno
1423 768 1555 834 320
1602 768 1680 833 de
1725 769 2125 834 infirmandis
2170 791 2321 854 poe·

287 859 387 923 nis
453 857 801 923 caelibatus
865 861 930 923 et
994 857 1291 922 orbitatis
1350 855 1447 944 (O.
1496 857 1612 922 Th.
1662 858 1721 940 8,
1755 858 1855 943 16,
1884 857 1949 943 13
2013 858 2090 923 cf.
2159 881 2320 943 quae

287 946 1431 1128 {gpgaqulggo4ffii3geggtt1tiss15stgffia
1448 947 1691 1122 1ἰὲἒὲ
1730 943 2134 1101 ἓίωῑῐῗυηῇἳ
2169 970 2321 1122 ἕξεθὺ

288 1148 527 1191 annum
574 1126 706 1191 320
751 1126 1008 1191 videtur
1053 1125 1348 1190 confecta
1384 1147 1538 1192 esse.

417 1214 833 1299 Epitomator
888 1215 1289 1280 abbreviavit
1334 1214 1646 1302 Regulas‚
1698 1236 1831 1279 non
1885 1215 2319 1300 interpolavit.

285 1326 413 1389 quo
451 1305 693 1372 factum
730 1308 847 1389 est,
882 1309 958 1369 ut
993 1303 1334 1389 Ulpianus,
1372 1326 1562 1388 quem
1607 1303 1937 1387 habemus,
1964 1305 2124 1370 iuris
2161 1309 2321 1370 tem-

282 1416 515 1482 porum
563 1416 826 1459 suorum
872 1416 1060 1460 verus
1108 1398 1173 1458 et
1217 1393 1426 1459 bonus
1473 1394 1658 1459 testis
1705 1394 1805 1458 sit.

285 1531 294 1536 -
417 1482 518 1548 Ne
573 1483 860 1548 rubricas
921 1483 1198 1567 quidem,
1241 1485 1395 1547 licet
1457 1483 1694 1566 partim
1755 1484 1921 1548 male
1977 1487 2321 1567 conceptae

284 1572 433 1655 sint,
480 1594 559 1636 ex
606 1594 722 1638 suo
762 1572 1081 1636 addidisse
1118 1570 1534 1655 Epitomator
1581 1571 1930 1637 credendus
1978 1576 2101 1658 est3
2146 1595 2322 1637 nam-

286 1682 411 1744 que
458 1682 563 1724 eas
611 1681 832 1725 omnes
880 1662 1060 1744 operi
1105 1660 1315 1724 adhuc
1365 1661 1620 1747 integro
1668 1663 1940 1726 insertas
1988 1683 2145 1745 esse,
2189 1683 2321 1726 non

286 1750 367 1813 ab
414 1751 558 1833 ipso
603 1749 909 1833 Ulpiano,
956 1749 1066 1813 sed
1110 1772 1148 1812 a
1195 1748 1486 1814 studioso
1527 1750 1805 1834 quodam
1853 1751 2105 1824 saeculo
2153 1752 2322 1815 inter

282 1837 636 1922 Ulpianum
700 1840 766 1902 et
829 1837 1344 1922 Epitomatorem
1398 1839 1829 1904 intercedente
1892 1841 2192 1924 exposuit
2249 1839 2319 1904 P.

284 1927 579 2013 Krueger
622 1928 690 1991 in
735 1928 1135 2011 praefatione
1182 1927 1487 1992 editionis
1534 1950 1685 1992 suae
1730 1949 1874 2013 pag.
1923 1929 1981 1993 3.

418 2015 591 2093 Quae
619 2015 1034 2100 Epitomator
1061 2039 1193 2081 non
1220 2021 1682 2102 amputaverat,
1712 2039 1786 2082 ea
1814 2022 1878 2080 et
1906 2018 2317 2083 librariorum

283 2105 696 2192 neglegentia
720 2105 987 2170 'foedata
1024 2111 1090 2170 et
1124 2109 1492 2190 temporum
1529 2106 1763 2171 iniuria
1810 2109 2107 2171 mutilata
2152 2111 2320 2172 sunt.

283 2195 514 2259 menda
551 2194 790 2260 codicis
829 2194 1131 2259 Vaticani
1170 2197 1409 2279 partim
1447 2196 1595 2260 inde
1637 2196 1939 2261 videntur
1974 2200 2129 2260 nata
2166 2218 2322 2280 esse,

284 2284 486 2370 quod,
548 2289 623 2348 ut
687 2283 852 2347 vidit
905 2284 1232 2367 Huschke,
1277 2284 1524 2349 librarii
1575 2285 1817 2368 stupidi
1879 2290 2066 2351 notas
2140 2285 2319 2368 iuris,

283 2374 518 2457 quibus
566 2375 894 2458 exemplar
940 2396 1161 2438 eorum
1224 2375 1535 2458 scriptum
1592 2378 1745 2457 erat,
1802 2378 1914 2439 aut
1973 2373 2140 2439 male
2197 2376 2319 2440 sol-

281 2466 514 2526 verunt
559 2460 868 2549 (exempli
921 2464 1133 2550 gratia
1181 2463 1398 2528 ‘ascia’
1447 2463 1701 2547 saepius
1751 2486 1871 2548 pro
1912 2464 2121 2527 ‘Aelia
2168 2462 2320 2528 Sen-

283 2553 416 2634 tia’3
477 2551 598 2634 6,6
678 2552 946 2617 ‘reuera’
1013 2575 1130 2638 pro
1190 2553 1307 2617 ‘rei
1361 2553 1676 2636 uxoriae'3
1736 2552 1947 2635 20,16
1996 2557 2065 2617 et
2106 2554 2315 2636 24‚28

285 2641 722 2724 ‘praetoriani'
767 2662 885 2725 pro
926 2642 1174 2727 ‘populi
1204 2640 1533 2728 Romani')
1573 2646 1686 2706 aut
1722 2642 1903 2725 quasi
1941 2642 2318 2709 insolubiles

283 2730 637 2795 omiserunt
685 2728 791 2814 (cf.
820 2753 914 2795 ex.
942 2753 1038 2816 gr.
1071 2734 1129 2813 7,
1147 2728 1273 2816 4).1
1363 2735 1731 2816 temporum
1788 2731 2024 2796 iniuria
2073 2731 2317 2797 factum

282 2829 404 2900 est,
463 2823 538 2883 ut
590 2819 932 2901 Epitomae
977 2819 1374 2905 Regularum
1419 2842 1552 2884 non
1608 2820 1817 2885 solum
1873 2820 2130 2885 initium
2180 2843 2316 2905 per-

282 2909 423 2992 iret,
480 2909 591 2973 sed
646 2910 863 2973 omnia
919 2910 1148 2992 desint,
1204 2930 1368 2993 quae
1412 2907 1606 2973 Gaius
1655 2909 1800 2973 inde
1856 2932 1894 2973 a
1939 2909 1998 2993 3,
2024 2910 2110 2974 53
2158 2913 2318 2974 trac-

281 2997 464 3082 tavit,
509 2998 577 3062 id
622 3001 722 3061 est
758 2998 917 3063 iuris
945 2998 1317 3064 hereditarii
1344 3020 1494 3083 pars
1532 3003 1835 3081 extrema,
1874 2997 2318 3085 obligationeS‚

429 3193 480 3260 1)
519 3192 584 3243 ut
622 3191 940 3245 ‘aduersus’
995 3210 1096 3262 pro
1150 3193 1504 3246 ‘secundum'
1560 3192 1647 3246 bis
1687 3195 1796 3259 (20,
1819 3198 1900 3247 14.
1943 3198 2029 3260 28,
2053 3195 2103 3260 1)
2142 3193 2316 3248 tradi-

281 3263 406 3315 tum
461 3261 562 3328 sit,
610 3261 669 3314 id
716 3262 849 3317 inde
902 3264 1128 3317 videtur
1183 3262 1447 3317 effectum
1499 3281 1636 3329 esse,
1692 3264 1843 3331 quod
1897 3264 1959 3317 in
2014 3264 2318 3334 exemplari

282 3332 510 3387 verbum
551 3334 904 3388 ‘secundum'
944 3339 1082 3389 nota
1119 3335 1427 3388 Tironiana
1464 3335 1738 3405 scriptum
1776 3339 1896 3389 erat
1947 3352 2182 3403 eamque
2219 3352 2317 3391 no·

281 3406 401 3458 tam
437 3404 702 3459 librarius
739 3405 888 3459 male
937 3407 1118 3460 solvit.
1195 3406 1406 3459 similes
1445 3406 1593 3460 enim
1632 3409 1764 3460 sunt
1809 3409 1976 3461 notae
2025 3407 2314 3462 verborum

284 3476 636 3529 ‘secundum’
688 3479 745 3530 et
785 3478 1121 3545 ‘aduersus’‚
1159 3480 1224 3531 ut
1271 3478 1626 3532 sciscitantes
1682 3495 1782 3532 nos
1841 3479 2075 3533 comiter
2126 3479 2318 3534 docuit

282 3546 527 3601 Michael
564 3547 747 3618 Tangl
785 3549 1005 3619 collega
1042 3556 1301 3604 notarum
1336 3549 1728 3620 peritissimus.
