2650 3917
360 129 472 183 “XII
806 128 1151 184 HVSCHKII
1184 127 1597 182 PRAEFATIO
1635 127 1736 181 AD
1774 127 1887 181 ΕΙ).
1927 127 1969 183 Ι.

370 302 491 359 sita
529 301 636 373 est,
671 302 743 357 ut
779 299 882 374 qui
910 317 1041 356 eam
1067 298 1181 356 hoc
1215 297 1348 356 loco
1378 298 1504 356 solo
1542 297 1779 355 exulare
1816 296 2041 372 iubeat,
2077 298 2399 357 videndum

372 391 427 448 01
466 390 563 462 sit,
600 407 674 446 ne
711 407 994 464 magnum
1030 389 1220 462 ipsius
1247 388 1523 445 veritatis
1561 386 2001 462 cognoscendae
2037 388 2397 446 fermentum

370 478 541 538 nobis
579 479 812 552 eripiat.
888 476 1081 545 Quam
1116 477 1374 535 maxime
1411 494 1551 533 vero
1591 476 1769 534 etiam
1811 476 2139 535 cavendum
2178 480 2286 550 est,
2323 497 2397 536 110

368 567 506 643 plus
547 568 680 641 quis
716 565 1006 624 eiusmodi
1043 564 1471 641 supplementis
1507 564 1754 638 tribuat,
1785 583 1962 639 quam
1992 567 2121 640 ipse
2157 566 2233 624 iis
2259 568 2397 625 vin·

371 656 586 714 dicavi.
680 654 850 724 Quod
886 674 961 713 ne
997 655 1184 728 fieret,
1223 658 1283 713 et
1317 654 1660 713 litterarum
1695 653 2044 713 diversitate
2082 673 2152 713 ea
2192 675 2227 714 a
2262 656 2398 714 reli-

370 765 490 821 qua
527 745 826 821 scriptura
861 745 1082 820 ubique
1121 744 1396 817 distinxi,
1439 748 1752 819 praeterea
1785 745 1861 802 iis
1874 789 1889 817 ,
1937 762 2090 818 quae
2127 744 2399 804 librario-

367 855 503 893 rum
539 835 717 910 culpa
754 833 1038 893 excidisse
1065 833 1443 907 videbantur,
1468 832 1704 891 uncinis
1741 833 2013 892 rotundis
2044 833 2312 907 inclusis,
2340 837 2401 892 et

368 927 432 982 in
470 926 630 983 notis
668 923 1013 998 saepissime
1052 922 1351 996 admonui,
1388 921 1744 981 sententiam
1780 924 2034 995 tantum,
2062 942 2183 981 non
2218 922 2400 982 verba

368 1032 462 1071 me
498 1015 826 1071 restituere.
1341 1061 1343 1066 ,

502 1102 573 1159 111
609 1101 951 1175 levioribuS,
1000 1102 1172 1160 velut
1218 1101 1557 1159 litterarum
1602 1119 1834 1176 genere,
1878 1101 1945 1158 in
1994 1100 2400 1177 significandis

369 1191 618 1250 diversis
670 1192 958 1249 orationis
1010 1190 1323 1268 generibus
1337 1236 1352 1264 ,
1401 1190 1679 1247 hiatuum
1727 1189 2093 1248 indicatione
2140 1193 2200 1247 et
2248 1209 2401 1265 quae

368 1281 591 1339 similia
619 1282 778 1355 sunt,
806 1280 1232 1354 aequalitatem
1261 1278 1562 1354 quandam
1590 1298 1698 1354 per
1726 1297 1927 1337 omnes
1958 1281 2153 1354 operis
2181 1282 2402 1354 parteS,

365 1373 437 1427 ut
472 1389 585 1445 par
622 1372 768 1444 erat,
806 1370 1058 1444 servavi,
1109 1386 1299 1443 neque
1338 1371 1542 1426 tamen
1592 1368 1867 1427 servilem
1903 1368 1965 1425 in
2017 1367 2286 1426 modum:
2315 1371 2402 1427 in

369 1457 725 1533 quibusdam
763 1459 921 1515 enim
958 1457 1280 1534 singularis
1309 1475 1514 1515 earum
1551 1456 1791 1515 habitus
1818 1457 2095 1532 faciebat,
2123 1460 2193 1515 ut
2221 1476 2401 1532 quae-

368 1549 508 1606 dam
547 1550 884 1606 accuratius
923 1546 1315 1625 significanda
1350 1546 1720 1621 viderentur,
1765 1547 1932 1605 velut
1974 1565 2254 1605 versuum
2292 1565 2402 1606 1110.

370 1637 589 1696 codicis
626 1637 914 1696 indicatio
950 1639 1014 1695 111
1052 1637 1391 1713 fragmento
1429 1634 1500 1693 de
1537 1638 1666 1693 iure
1703 1635 1847 1694 fisci.
1928 1636 2405 1712 Interpungendi

366 1728 664 1785 rationem
704 1726 973 1785 consulto
1010 1746 1130 1785 non
1169 1745 1301 1784 eam
1340 1728 1580 1785 secutus
1618 1744 1775 1799 sum,
1812 1744 1964 1799 quae
2000 1743 2158 1784 nunc
2192 1725 2401 1801 pleris-

370 1835 484 1891 que
520 1816 745 1892 placet,
796 1816 902 1875 sed
953 1817 1411 1888 accuratiorem,
1462 1833 1584 1889 qua
1621 1814 1765 1872 olim
1802 1815 1894 1871 uti
1932 1814 2292 1887 solebamus,
2332 1834 2404 1874 ea

370 1924 604 1980 quoque
659 1906 723 1963 111
767 1924 831 1963 10
886 1906 1150 1964 tironum
1205 1903 1515 1963 desideriis
1562 1906 1624 1962 et
1678 1902 2003 1963 commodis
2054 1906 2401 1964 inserviens

336 1995 570 2054 ·Etiam
628 1995 1119 2072 orthographiam
1173 2013 1290 2052 11011
1345 2012 1504 2067 eam,
1558 2011 1711 2068 quae
1746 1994 1812 2051 in
1858 1993 2157 2051 codicibus
2195 2012 2405 2051 manu-

370 2083 607 2159 scriptis
656 2084 1024 2144 diversorum
1080 2084 1439 2159 scriptorum
1484 2082 1649 2141 varie
1705 2082 2080 2155 observatur,
2131 2082 2233 2142 sed
2277 2083 2404 2141 fere

376 2172 686 2248 aequalem
725 2193 991 2248 eamque,
1031 2191 1151 2248 qua
1186 2191 1345 2230 1111110
1380 2173 1730 2248 plerumque
1766 2172 2009 2246 utimur,
2048 2170 2310 2230 adhibui.

509 2261 838 2321 Adnotatio
865 2263 1088 2338 partim
1119 2262 1195 2321 ad
1231 2261 1642 2338 integritatem
1679 2263 2201 2319 monumentorum
2238 2279 2403 2336 spec-

369 2355 482 2426 tat,
537 2352 761 2428 partim
815 2353 892 2410 ad
947 2350 1520 2427 interpretationem.
1613 2348 1711 2406 Ad
1755 2349 1923 2406 illam
1970 2350 2130 2424 quod
2168 2349 2406 2425 attinet,

370 2441 716 2500 universum
768 2441 1039 2500 criticum
1092 2443 1453 2516 apparatum
1498 2440 1563 2496 in
1609 2439 1767 2496 notis
1818 2438 2143 2511 adstruere,
2193 2457 2230 2496 a
2267 2457 2406 2497 con-

371 2531 506 2590 silio
543 2532 731 2588 totius
771 2530 966 2606 operis
1004 2530 1266 2589 alienum
1303 2531 1449 2588 erat.
1540 2527 1673 2585 Hoc
1708 2529 1946 2586 tantum
1980 2527 2302 2603 referebat,
2338 2529 2406 2586 in

370 2620 596 2678 tradito
634 2623 806 2678 textu
843 2619 893 2678 si
933 2619 1076 2694 quid
1111 2622 1488 2678 mutaveram
1501 2663 1515 2691 ‚
1563 2618 1633 2675 de
1672 2635 1741 2675 00
1778 2616 2062 2675 lectorem
2099 2617 2407 2675 admoneri

370 2709 835 2784 necessariisque
873 2708 1150 2768 subsidiis
1177 2709 1414 2782 instrui,
1441 2710 1511 2765 ut
1537 2708 1666 2781 ipse
1693 2705 1960 2764 iudicare
1996 2709 2215 2780 posset.
2279 2706 2407 2764 Ita-

374 2818 487 2873 que
526 2798 791 2875 singulas
836 2801 1038 2875 partes
1075 2797 1153 2854 ad
1209 2799 1499 2872 optimam
1544 2797 1641 2855 vel
1696 2775 2172 2872 vuigatissimam
2210 2796 2405 2855 cuius·

372 2906 486 2963 que
499 2933 513 2960 ,
552 2906 673 2963 qua
709 2906 868 2945 nunc
904 2889 1159 2959 utimur,
1197 2886 1521 2944 editionem
1557 2884 1622 2941 in
1657 2884 2031 2960 praefatione
2076 2884 2408 2943 indicatam

372 2976 843 3050 accommodavi,
889 2979 979 3035 ita
1015 2979 1084 3034 ut
1121 2975 1174 3034 si
1211 2974 1286 3033 ab
1333 2975 1444 3032 hac
1481 2974 1546 3031 in
1585 2992 1702 3048 quo
1749 2976 1955 3032 nostra
1999 2975 2267 3033 recensio
2304 2974 2404 3032 de-

370 3065 653 3140 flecteret,
689 3066 1072 3138 indicaretur,
1111 3064 1219 3122 ubi
1255 3082 1408 3140 opus
1440 3062 1772 3137 videbatur,
1801 3062 1985 3121 etiam
2010 3063 2245 3121 ratione
2272 3063 2408 3121 red·

374 3154 517 3213 dita.
563 3187 639 3196 -
680 3155 1247 3231 Interpretationem
1286 3154 1711 3212 commentario
1752 3152 2034 3210 adiuvare
2072 3154 2240 3211 extra
2267 3171 2408 3227 pro-

370 3243 636 3320 positum
666 3247 813 3302 erat.
879 3244 1053 3303 Tales
1082 3244 1241 3301 enim
1268 3241 1540 3301 exhibere
1569 3241 1847 3300 ICtorum
1873 3240 2058 3299 libros
2085 3242 2411 3318 voluimus,

370 3336 441 3391 ut
470 3334 574 3407 qui
601 3333 831 3392 modice
867 3332 1338 3408 iurisprudentia
1363 3332 1627 3390 imbutus
1658 3334 1829 3404 esset,
1857 3349 1966 3405 per
1994 3334 2181 3389 semet
2208 3330 2412 3405 ipsum

371 3421 718 3500 intellegere
761 3440 860 3481 eos
906 3425 1133 3499 posset:
1178 3422 1242 3479 in
1288 3440 1471 3497 quam
1505 3440 1630 3479 rem
1675 3421 2026 3496 plerumque
2072 3418 2416 3480 sufficiebat

370 3511 536 3571 vitiis
574 3513 862 3590 purgatos
900 3513 980 3584 et,
1009 3514 1304 3586 quatenus
1341 3509 1472 3569 fieri
1505 3512 1758 3587 poterat,
1795 3510 2059 3585 integros
2098 3527 2196 3568 eos
2231 3527 2413 3584 prae-
