2650 3917
366 128 448 191 12
916 127 990 182 M.
1027 126 1276 182 IVNIVS
1314 126 1820 182 GRACCHANVS.

360 291 566 355 Marte
610 294 813 376 patre,
850 289 1145 375 Aprilem
1181 291 1261 355 ab
1290 289 1654 375 Aphrodite
1681 289 1749 355 id
1785 294 1885 354 est
1911 288 2179 368 Venere,
2226 291 2396 354 unde

360 382 635 445 maiores
702 382 838 446 81118
905 380 1161 446 oriundi
1232 379 1625 445 dicebantur.
1733 378 2064 463 proximos
2130 378 2292 443 duos
2356 401 2396 443 a

362 471 623 554 populo,
661 468 907 534 Maium
946 492 984 533 a
1028 469 1382 535 maioribus
1419 472 1595 549 natu,
1633 466 1893 533 Iunium
1931 491 1969 532 a
2013 467 2394 533 iunioribus.

362 563 607 624 ceteros
653 558 732 623 ab
781 558 1020 641 ordine,
1067 579 1195 641 quo
1244 559 1488 644 singuli
1532 561 1732 640 erant,
1779 555 2133 633 Quintilem
2187 578 2395 641 usque

307 674 332 710 5
362 647 782 713 Decembrem
830 647 1094 732 perinde
1141 670 1179 711 a
1223 668 1511 712 numero.
1560 685 1645 693 —
1697 644 2016 712 Censorin.
2056 646 2161 731 22,
2200 646 2258 710 9.

495 737 547 801 7.
595 737 859 802 Annum
881 740 1255 807 ‚uertentem
1283 735 1529 801 Romae
1556 735 1843 801 Licinius
1884 736 2142 820 quidem
2179 734 2397 800 Macer

361 831 425 891 et
468 831 695 910 postea
720 824 1082 889 Fenestella
1119 826 1341 891 statim
1368 825 1449 889 ab
1484 828 1671 890 initio
1719 825 2056 891 duodecim
2101 846 2397 889 mensum

357 916 559 980 fuisse
587 917 997 999 scripserunt.
1064 913 1176 979 sed
1202 915 1410 999 magis
1438 913 1624 978 Iunio
1657 913 2030 980 Gracchano
2065 918 2128 977 et
2157 912 2394 978 Fuluio

359 1008 424 1069 et
470 1003 749 1069 Varroni
785 1008 851 1068 et
888 1001 1197 1069 Suetonio
1245 1003 1518 1086 aliisque
1565 1003 1968 1086 credendum,
2015 1004 2128 1087 qui
2174 1002 2394 1067 decem

278 1119 331 1159 10
359 1116 655 1159 mensum
701 1096 1014 1177 putarunt
1061 1094 1313 1176 fuisses
1347 1096 1421 1156 111
1466 1096 1624 1157 111118
1669 1091 1942 1157 Albanis
2002 1095 2164 1175 erat,
2223 1092 2396 1156 unde

359 1186 487 1249 orti
532 1182 825 1248 Romani.
875 1220 959 1228 —
1011 1181 1573 1266 0811801νί11.20,2.

492 1274 545 1337 8.
592 1271 828 1336 Postea
883 1274 1018 1337 81118
1065 1294 1103 1335 8
1147 1271 1393 1355 Numa,
1447 1276 1522 1334 ut
1577 1272 1668 1335 ait
1727 1270 2027 1354 Fuluius,
2091 1271 2255 1352 81118,
2317 1273 2397 1334 ut

356 1359 609 1444 Ι11111118,
674 1383 712 1424 a
766 1360 1118 1446 Tarquinio
1185 1360 1526 1426 duodecim
1589 1361 1746 1426 facti
1811 1363 1962 1423 sunt
2024 1381 2277 1423 menses
2327 1362 2397 1423 et

357 1450 491 1515 dies
549 1448 841 1533 CCCLV,
907 1450 1201 1534 quamuis
1254 1450 1413 1514 luna
1477 1449 1810 1515 duodecim
1869 1451 2003 1514 suis
2062 1447 2396 1513 mensibus

275 1564 326 1604 ιε
357 1537 702 1604 CCCLIIII
749 1539 884 1603 dies
929 1538 1273 1604 uidebatur
1318 1537 1591 1622 explere.
1641 1577 1726 1585 —
1777 1537 2095 1603 Censorin.
2133 1537 2241 1621 20,
2275 1538 2337 1601 4.

489 1629 542 1693 9.
590 1627 815 1694 Iunius
873 1627 1170 1692 Seruium
1226 1627 1515 1692 Tullium
1573 1649 1791 1714 regem
1852 1627 2134 1710 primum
2197 1627 2395 1692 inter-

356 1718 598 1782 calasse
646 1723 1124 1782 commemorat.
1170 1755 1258 1764 —
1306 1718 1590 1782 Mam-ob.
1631 1716 1763 1781 Sat.
1806 1718 1863 1800 1,
1905 1715 2006 1799 13,
2043 1716 2149 1779 20.

488 1807 575 1872 10.
623 1805 1030 1872 Praefectum
1062 1807 1210 1873 urbi
1239 1806 1611 1871 Latinarum
1652 1826 1843 1870 causa
1880 1807 2179 1870 relictum
2217 1827 2394 1869 sena-

355 1901 496 1961 tum
540 1896 776 1961 habere
821 1918 1011 1981 posse
1056 1894 1320 1961 Iuniusl
1367 1900 1590 1980 negat,
1637 1895 1942 1979 quoniam
1996 1915 2078 1959 ne
2134 1897 2399 1959 senator

273 2011 326 2051 20
355 1985 614 2069 quidem
663 1989 747 2051 sit
792 2007 1002 2070 neque
1047 1987 1148 2051 ius
1195 1986 1430 2050 habeat
1478 1986 1830 2049 sententiae
1876 1983 2198 2066 dicendae,
2244 2004 2397 2048 cum

354 2097 433 2139 ex
481 2097 556 2140 ea
612 2080 820 2139 aetate
883 2075 1246 2159 praefectus
1308 2075 1446 2157 fiat,
1513 2095 1676 2158 quae
1722 2095 1855 2137 non
1903 2073 1989 2137 sit
2052 2073 2394 2137 senatoria.

493 2164 649 2230 Gall.
694 2165 795 2247 14,
836 2166 873 2229 8
936 2166 990 2227 1.

354 2261 357 2264 ·
486 2254 564 2318 11.
610 2214 896 2319 Publioa’
938 2253 1223 2338 pondera
1278 2254 1369 2317 ad
1429 2253 1774 2335 leyitimam
1827 2272 2119 2315 normam
2174 2256 2397 2315 wacta

353 2341 514 2408 esse²
558 2364 637 2406 ex
676 2366 751 2407 ea
796 2364 988 2408 causa
1023 2341 1250 2407 Iunius
1295 2343 1368 2406 in
1411 2341 1874 2407 commentantis*
1917 2339 2171 2422 colliyit,
2218 2339 2395 2423 quod

272 2458 324 2498 25
354 2432 482 2496 duo
532 2430 676 2497 Silii
722 2431 793 2497 P.
832 2438 897 2496 et
942 2432 1026 2496 M.
1063 2430 1214 2496 trib.
1252 2430 1420 2516 pleb.
1467 2431 1774 2516 rogarint,
1821 2429 1923 2493 1118
1969 2427 2215 2494 uerbis:
2265 2427 2395 2493 ‘Ex

352 2521 746 2606 ponderibus
811 2521 1110 2606 publicis,
1175 2519 1412 2603 quibus
1475 2518 1598 2582 1188
1660 2522 2042 2602 tempestate
2105 2518 2395 2601 populus

353 2609 590 2675 oetier³
654 2609 1007 2695 88181,1111
1072 2614 1288 2675 coeret
1351 2606 1636 2693 praetor*
1699 2629 1767 2672 se
1824 2606 1974 2671 dolo
2029 2607 2227 2686 malo,
2292 2610 2396 2673 uti

355 2699 733 2783 quadrantal
802 2701 940 2765 uini
1014 2700 1347 2784 octoginta
1410 2696 1625 2781 pondo
1691 2697 1839 2779 siet,
1913 2697 2186 2799 congius
2250 2698 2393 2761 uini

353 2788 570 2854 decem
617 2789 824 2874 pondo
880 2790 1027 2872 siet,
1083 2809 1196 2851 sex
1241 2786 1479 2851 sextari
1527 2786 1795 2871 congius
1843 2786 1966 2850 siet
2009 2786 2177 2865 uini,
2235 2786 2395 2850 duo—

271 2904 323 2945 80
352 2877 905 2964 dequinquaginta
951 2877 1188 2942 sextari
1235 2874 1616 2960 quadrantal
1675 2875 1797 2939 siet
1849 2874 2017 2957 uini,
2073 2876 2395 2940 sextarius

352 2988 594 3050 aequus
676 2989 882 3050 aequo
965 2988 1111 3031 cum
1192 2965 1457 3031 librario
1533 2965 1680 3047 siet,
1692 2961 1716 3000 ⁵
1790 2963 2245 3047 sexdecimque
2316 2965 2394 3029 li-

497 3162 549 3229 1)
587 3161 655 3227 cf.
696 3160 854 3227 infra
900 3160 1097 3215 Ateius
1127 3160 1323 3227 Capito
1353 3163 1387 3209 4
1418 3174 1475 3226 p.
1509 3163 1611 3212 63..
1750 3159 1802 3227 2)
1838 3158 2020 3226 suppl.
2065 3159 2392 3213 Mommsen.

353 3233 406 3299 3)
444 3230 721 3298 oetierqui
757 3232 871 3286 cod.
1018 3232 1072 3299 4)
1112 3231 1299 3284 coeret
1334 3231 1561 3298 praetor
1597 3230 1713 3284 Hu.
1755 3230 2102 3297 coaequatur
2137 3230 2253 3285 cod.

352 3303 404 3371 5)
447 3302 567 3357 ‘hoc
603 3309 704 3357 est:
744 3304 1022 3357 sextarius
1060 3304 1177 3371 (qui
1208 3303 1428 3369 primus
1454 3307 1505 3355 et
1535 3301 1811 3355 maximus
1837 3301 2096 3355 modulus
2121 3306 2200 3355 est
2227 3300 2394 3370 liqui-

350 3374 546 3427 dorum
583 3380 634 3428 et
669 3374 956 3428 aridorum
993 3373 1314 3441 communis)
1356 3373 1675 3441 simpliciter
1712 3372 1892 3427 dictus
1929 3373 2064 3440 (non
2099 3373 2240 3442 vim)
2278 3374 2397 3428 sive

350 3461 464 3511 vas,
502 3461 607 3513 quo
642 3447 944 3500 sextarium
980 3445 1103 3499 vini
1138 3444 1348 3498 aliusve
1373 3446 1457 3497 rei
1492 3445 1760 3509 metimur,
1797 3460 2005 3512 aequus
2031 3444 2206 3513 spatii
2231 3445 2397 3500 modo

348 3518 423 3570 sit
458 3533 580 3570 cum
617 3533 787 3586 aequo
844 3516 1106 3586 (seaetario
1146 3515 1224 3582 id,
1280 3515 1426 3584 quod
1480 3516 1736 3582 continet,
1792 3522 2045 3570 accurate
2099 3519 2396 3586 aequante)
