2650 3917
15 455 27 490 1

932 165 935 166 ⁷
1001 133 1004 136 ’
1053 131 1111 184 L.
1153 129 1462 185 CINGIVS.
1521 130 1530 136 “
1639 137 1642 141 ⁴
2180 129 2261 192 31

362 296 458 361 24.
505 294 812 361 Naucum
859 294 950 360 ait
986 293 1237 358 Ateius
1264 292 1639 379 philologus
1685 293 1841 377 poni
1889 315 2007 377 pro
2054 293 2264 378 nugis.

229 383 508 470 Cincius,
556 384 735 468 quod
780 384 849 448 in
898 382 1270 466 putaaninel
1325 382 1504 447 oleae
1559 384 1872 467 nucisque
1905 437 1908 442 .
1937 383 2113 447 intus
2162 383 2264 447 sit.

225 511 314 522 —
358 475 525 541 Fest.
563 497 621 539 v.
659 475 851 538 nauci
881 495 952 554 Ρ.
995 473 1140 538 166.

360 564 456 629 25.
503 563 791 647 Nuptias
857 562 1062 626 dictas
1111 591 1135 625 .’
1155 612 1168 625 .
1201 614 1214 625 .
1247 612 1258 624 .
1291 611 1306 624 .
1352 559 1579 626 Α311118
1640 565 1705 625 et
1767 559 2054 645 Cincius,
2115 561 2266 645 quia

225 654 526 717 flammeo
575 655 770 735 caput
814 651 1120 716 nubentis
1167 649 1577 734 obuoluatur,
1624 651 1799 734 quod
1856 651 2107 734 antiqui
2156 650 2265 714 ob-
2322 672 2345 713 5

225 742 470 806 nubere
519 740 843 806 uocarint:
891 740 974 805 ob
1012 761 1207 824 quam
1245 761 1505 804 causam
1540 739 1752 825 legem
1792 761 2049 824 quoque
2076 739 2265 803 Prae·-

225 829 585 896 nestinam²
646 830 869 894 iubere
915 833 1112 914 caput
1158 830 1296 893 eius
1345 828 1697 912 obnubere,
1756 829 1867 912 qui
1930 832 2266 913 parentem

224 922 604 1004 necauisset,
633 919 809 1003 quod
842 923 939 983 est
977 919 1345 983 obuoluere.
1373 956 1462 964 ——
1489 919 1656 983 Fest.
1676 940 1729 983 v.
1751 920 2010 1000 nuptias
2023 939 2093 999 Ρ.
2119 918 2264 982 170.

360 1010 457 1076 26.
506 1009 819 1075 Noualem
878 1029 1114 1093 agrum
1160 1056 1355 1082 .....
1408 1006 1672 1073 Cincius
1736 1029 1883 1071 eum
1930 1029 2088 1091 esse,
2151 1007 2265 1071 ubi

225 1105 394 1164 terra
438 1101 579 1165 sine
622 1098 868 1163 σωζέτω-α
913 1098 1004 1162 ad
1044 1117 1279 1163 nouam
1337 1100 1689 1161 sementem
1737 1097 1823 1161 sit
1877 1096 2119 1161 relicta.
2175 1134 2265 1143 —
2294 1121 2346 1160 ιο

225 1188 387 1254 Fest.
426 1210 479 1253 v.
518 1188 802 1253 novalem
848 1208 1074 1270 ayrum
1107 1209 1177 1269 Ρ.
1221 1185 1367 1250 174.

359 1278 455 1343 27.
505 1275 838 1340 Obstitum
889 1274 1180 1340 Cloatius
1241 1280 1306 1339 et
1361 1273 1589 1340 Aelius
1653 1236 1820 1340 Stilo
1883 1297 2022 1339 esse
2082 1275 2265 1339 aiunt

224 1367 543 1431 uiolatum
607 1368 1050 1449 attactumque
1097 1366 1174 1430 de
1240 1364 1434 1430 caelo.
1540 1364 1819 1447 Cincius,
1886 1386 2084 1448 quom
2150 1364 2263 1448 (1111

227 1455 363 1521 deo
389 1457 674 1540 deaeque
721 1455 1069 1538 obstiterit,
1106 1454 1173 1519 id
1211 1458 1354 1539 est,
1375 1454 1489 1539 qui
1533 1454 1791 1538 uiderit,
1837 1454 2013 1538 quod
2056 1453 2265 1517 uideri

225 1545 404 1610 nefas
453 1548 642 1611 esset.
687 1581 778 1591 —
821 1545 988 1610 Fest.
1026 1567 1080 1609 v.
1118 1544 1408 1609 obstitum
1441 1565 1511 1625 Ρ.
1556 1543 1703 1608 193.
2293 1566 2345 1607 15

356 1635 453 1700 28.
522 1635 964 1699 Praecidam
1022 1655 1224 1715 porca
1282 1634 1604 1715 producta
1670 1633 1921 1718 syllaba
1992 1633 2265 1698 secunda

211 1725 703 1806 pronuntianda
747 1730 864 1802 est‚·
918 1724 1086 1805 qaod
1137 1725 1331 1800 enim,
1376 1726 1452 1786 ut
1507 1723 1601 1787 ait
1646 1722 1717 1786 L.
1758 1721 2036 1802 Cincius,
2094 1728 2265 1787 amte-

223 1834 412 1895 quam
457 1834 695 1879 nouam
745 1814 991 1895 fraqem
1034 1819 1268 1891 secant,
1319 1812 1611 1893 familiae
1655 1813 2029 1896 puryandae
2072 1832 2265 1876 causa

229 1902 440 1969 Germ·
467 1903 782 1982 caeditw,
821 1901 1251 1984 praecidanea
1298 1900 1553 1965 dicitur.
1598 1937 1687 1948 —
1731 1901 1898 1965 Fest.
1935 1923 1989 1965 v.
2014 1902 2265 1981 praeci·

224 1994 433 2058 danea
466 2014 538 2074 Ρ.
576 1992 728 2056 218.
733 1990 759 2029 ⁸
2292 2013 2347 2053 20

357 2082 454 2147 29.
500 2081 773 2146 Refriua
825 2079 1013 2144 faba⁴=
1058 2080 1322 2165 dicitur,
1378 2075 1488 2143 ut⁵
1534 2081 1628 2145 ait
1675 2078 1936 2144 Cincius
1992 2045 2267 2164 queque,

222 2170 425 2255 quae⁶
470 2170 554 2234 ad
619 2169 1006 2234 sacrificium
1069 2169 1296 2234 referri
1362 2170 1527 2233 solet
1594 2169 1856 2234 domum
1914 2190 1992 2232 ex
2048 2171 2266 2253 segete

221 2260 500 2345 auspicii
548 2281 760 2344 causa,
807 2259 993 2343 quasi
1038 2257 1386 2323 reuocans⁷
1433 2259 1653 2344 fruges
1663 2310 1681 2343 ,
1726 2261 1801 2322 ut
1849 2257 2113 2322 domum
2160 2258 2266 2321 da-

218 2355 436 2415 tantes
456 2347 929 2433 †teuirtico⁸†
994 2347 1075 2412 ad
1137 2369 1276 2412 rem
1357 2347 1644 2412 diuinam
1726 2346 2102 2411 faciendam.
2177 2384 2266 2394 -

218 2440 388 2506 Fest.
434 2462 490 2504 v.
526 2440 769 2520 refriva
801 2459 871 2520 Ρ.
910 2437 1060 2503 277.
2293 2459 2346 2499 25

356 2529 454 2595 30.
506 2526 716 2593 Salias
780 2527 1070 2613 uirgines
1120 2525 1381 2591 Cincius
1446 2527 1540 2591 ait
1601 2548 1742 2605 esse
1808 2525 2264 2610 conducticiaS,

222 2640 389 2702 quae
448 2617 534 2681 ad
580 2615 792 2681 Salios
852 2616 1283 2680 adhibeantur
1338 2638 1485 2681 cum
1550 2615 1843 2699 apicibus
1907 2615 2264 2699 paludatae,

224 2730 386 2792 quas
431 2705 662 2772 Aelius
710 2704 877 2770 Stilo
934 2704 1194 2789 scripsit
1251 2705 1641 2770 sacrificium
1695 2704 1905 2769 facere
1960 2704 2029 2768 in
2085 2704 2266 2789 regia

225 2819 373 2862 cum
419 2796 735 2881 pontifice
778 2794 1117 2879 paludatas
1166 2816 1313 2858 cum
1368 2794 1662 2878 apicibus
1720 2794 1790 2858 in
1835 2793 2099 2857 modum
2147 2792 2264 2857 'Sa-

223 2885 483 2951 liorum.
529 2922 619 2931 —
663 2884 829 2950 Fest.
865 2906 919 2949 v.
956 2882 1176 2949 Salias
1207 2905 1278 2965 Ρ.
1317 2883 1467 2948 329.
2291 2907 2345 2948 so

369 3027 423 3096 1)
461 3024 798 3079 addidimus.
855 3023 1049 3092 quod
1033 3041 1093 3076 111
1132 3022 1288 3078 01333
1324 3022 1596 3093 nucisque
1623 3022 1778 3077 intus
1808 3024 1884 3076 sit
1909 3024 2022 3077 cod.
2091 3022 2266 3076 cutim
2313 3084 2315 3088 7

226 3097 382 3152 oleae
427 3096 593 3150 nucis
631 3111 777 3164 quae
813 3095 966 3148 intus
1000 3095 1082 3148 sit
1117 3096 1236 3150 Ha.
1375 3097 1429 3165 2)
1466 3094 1892 3150 Praenestinam
1932 3095 2126 3165 Bergk
2166 3111 2265 3162 pa-

224 3186 348 3225 rens
384 3170 511 3222 tam
547 3167 662 3222 cod.
774 3168 829 3236 3)
866 3167 1129 3221 Muelleri
1162 3167 1538 3236 supplementa
1568 3168 1832 3237 paullum
1865 3168 2111 3220 mutauit
2144 3167 2263 3220 Hu.

225 3242 290 3307 cf.
333 3240 475 3296 Gen.
515 3243 567 3305 4,
590 3243 640 3303 6,
662 3242 818 3292 6-8.
869 3263 875 3268 ·
965 3239 1039 3321 4)
1055 3237 1247 3291 frabra
1283 3239 1397 3293 cod.
1436 3239 1507 3306 ef.
1537 3238 2270 3305 sz.n.h.18‚119‚ubi

225 3310 467 3367 referiua
506 3311 718 3380 ἱερέων.
893 3311 946 3378 5)
982 3307 1079 3362 uia
1114 3310 1228 3364 cod.
1406 3311 1457 3378 6)
1495 3325 1718 3377 1111011113
1761 3326 1905 3377 quae
1942 3280 2058 3364 cbd.
2097 3314 2267 3375 quom

228 3400 288 3436 33
312 3398 466 3451 quae
495 3383 615 3436 Ha.
743 3382 795 3450 7)
832 3382 1101 3435 reuocant
1137 3381 1252 3435 cod.
1290 3383 1628 3434 reuocantur
1663 3383 1782 3436 Ην.
1913 3382 1967 3450 8)
2006 3380 2267 3433 datantes

226 3454 489 3508 teuirtico
518 3454 687 3579 σοάᾖ
706 3451 910 3520 ditent,
949 3468 1017 3506 ea
1046 3453 1153 3505 est
1169 3451 1375 3528 virtute
1405 3452 1659 3507 Mueller.
1697 3452 1817 3506 lata
1843 3468 2025 3506 1113883
2052 3451 2267 3505 uirtute

229 3526 335 3580 unt
370 3526 577 3580 eadem
677 3542 733 3578 u.
