2650 3917
1097 172 1158 226 L.
1199 172 1500 230 CINCIVS.
2224 175 2310 240 27

695 369 820 423 DE
856 361 1182 425 OFFIGIO
1218 370 1262 423 I
1265 369 1451 425 VRIS
1487 362 1897 427 CONSVLTI.

408 480 462 544 8.
512 476 963 564 ‘Nuncupata1
1007 480 1280 562 pecunia
1327 481 1469 563 est',
1506 484 1580 544 ut
1621 481 1714 545 ait
1752 479 2013 545 Cincius
2052 480 2120 544 in
2157 480 2197 545 1.
2228 479 2310 545 H.

275 568 352 631 de
403 566 624 631 officio
671 566 832 632 iuris
880 568 1181 653 consulti,
1238 568 1595 633 ‘nominata
1603 622 1621 654 ‚
1665 573 1838 634 certa
1848 568 1892 655 ²,
1937 568 2312 635 nominibus

270 657 561 740 propriis
608 657 1049 740 pronuntiata.
1141 658 1339 722 “cum
1377 679 1615 722 nexum
1652 658 1849 724 faciet
1893 659 2314 743 mancipium-

269 767 412 831 que,
456 746 556 810 uti
592 744 818 831 lingua
861 745 1344 832 nuncupassit⁸‚
1390 747 1483 812 ita
1520 747 1621 812 ius
1661 748 1869 832 esto'',
1916 748 1985 812 id
2023 747 2176 833 est⁴=‚
2212 749 2311 812 uti
2368 774 2391 815 5

269 834 627 899 nominarit
671 834 1013 899 locutusne
1053 836 1196 920 erit‚'
1222 836 1315 900 ita
1343 837 1445 900 ius
1494 840 1651 901 esto.
1743 841 1899 901 uota
1943 842 2315 921 nuncupata

274 924 601 1008 dicuntur,
648 946 812 1008 quae
859 923 1155 990 consules
1200 929 1552 1012 praetores,
1600 948 1746 991 cum
1792 927 1863 990 in
1908 927 2313 1010 prouinciam

271 1013 801 1097 proficiscuntur,
882 1013 1155 1099 faciunt3
1239 1035 1313 1078 ea
1386 1015 1457 1078 in
1527 1014 1784 1081 tabulas
1866 1016 2313 1099 praesentibus

269 1102 497 1167 multis
544 1102 956 1167 referuntur'.
1049 1107 1118 1167 at
1175 1101 1411 1168 Santra
1464 1111 1566 1170 etc.
1620 1143 1710 1152 —
1764 1106 1929 1171 Fest.
1975 1127 2030 1171 v.
2075 1127 2315 1171 nuncu-

259 1198 424 1274 pata
455 1213 527 1274 Ρ.
571 1192 717 1257 173.
2341 1222 2394 1261 ιο

406 1282 461 1346 9.
511 1279 727 1361 ⁵Swnt‚
776 1282 888 1366 qui
917 1285 981 1346 et
1017 1281 1348 1348 inferiores
1375 1283 1506 1348 clici
1528 1290 1764 1365 putant
1808 1285 2098 1364 colonias,
2147 1291 2315 1368 quae

273 1374 427 1434 sunt
492 1371 790 1437 deductae
841 1371 1014 1435 Alba
1076 1372 1300 1454 Lonya
1364 1373 1437 1437 in
1484 1373 1752 1439 Priscos
1798 1373 2094 1457 Latinos,
2158 1394 2317 1455 quas

271 1460 673 1542 Tarquinius
731 1482 844 1526 rex
905 1461 1229 1546 subegerit
1294 1462 1647 1526 secundum
1711 1484 1887 1528 mesre
1947 1484 2077 1529 non
2140 1463 2318 1547 lonqe

270 1550 447 1614 infra
492 1549 770 1614 Romam
812 1549 881 1613 in
929 1551 1293 1615 ciuitatibus
1330 1551 1735 1629 Latinorum,
1729 1572 1742 1586 ·
1791 1573 2029 1636 eosque
2075 1552 2319 1618 sanatis

272 1639 635 1721 appellatos,
680 1640 848 1721 quod
888 1660 988 1705 eos
1030 1660 1143 1704 rex
1187 1643 1444 1723 praeter
1489 1640 1855 1743 opinionem
1900 1642 2074 1706 breui
2115 1662 2317 1724 paea-
2343 1667 2396 1709 ιο

269 1730 477 1793 uisset
538 1730 1017 1813 sanauissetque
1068 1750 1145 1794 ae
1197 1749 1338 1793 eum
1391 1731 1479 1794 iis
1525 1729 1780 1811 pacisci
1835 1731 2156 1816 potuisset
2202 1752 2315 1795 no-

270 1819 444 1883 mine
500 1839 544 1882 a
606 1839 675 1882 re
729 1818 901 1897 clato,
956 1824 1030 1883 ut
1082 1820 1177 1883 ait
1232 1815 1493 1883 Cincius
1538 1817 1580 1882 l.
1618 1817 1701 1883 H
1759 1819 1837 1883 de
1891 1821 2096 1903 officio
2150 1821 2316 1885 iuris

271 1905 567 1972 consulti.
614 1944 705 1956 --
745 1907 911 1973 Fest.
958 1930 1013 1972 v.
1059 1914 1312 1973 sanates
1344 1929 1414 1989 Ρ.
1454 1907 1603 1972 321.
2192 1945 2195 1949 Δ

404 1994 499 2061 10.
549 1993 773 2060 Subici
814 1998 978 2062 aries
1022 1997 1278 2076 elicitum
1325 1999 1436 2079 qui
1468 2018 1593 2079 Ρνο
1639 1999 1831 2063 occiso
1877 1998 2118 2078 clatum,
2129 1998 2317 2082 quod

270 2086 366 2169 fit,
413 2088 489 2149 ut
536 2084 631 2149 ait
679 2083 937 2150 Cincius
984 2087 1058 2150 in
1104 2086 1305 2151 libro.
1381 2086 1502 2152 ‚cle
1545 2088 1750 2170 officio
1804 2088 1970 2152 iuris
2016 2086 2315 2173 consulti,
2345 2113 2397 2154 πο

272 2173 573 2258 exemplo
603 2172 1101 2254 Atheniensium,
1134 2176 1312 2257 apud
1346 2174 1532 2258 quos‘3
1568 2176 1870 2260 expiandi
1908 2177 2119 2261 gratia
2148 2178 2317 2241 aries

270 2269 590 2330 madatm
625 2264 705 2328 ab
742 2283 824 2344 eo,
869 2265 982 2346 qui
1017 2266 1261 2330 inuitus
1303 2265 1503 2331 scelus
1550 2266 1833 2352 admisit,
1878 2287 2122 2349 poenae
2166 2287 2317 2350 pen-

272 2353 518 2419 aeneae
561 2353 705 2419 1000.
750 2391 840 2400 —-
884 2354 1051 2419 Fas.
1097 2376 1152 2418 v.
1188 2355 1389 2420 suum·
1420 2377 1489 2436 p.
1531 2353 1718 2419 347]

967 2530 1037 2583 M
1051 2529 1628 2586 YSTAGOGIGON.

410 2621 492 2685 11.
539 2619 872 2685 Trientem
922 2622 1190 2686 tertium
1254 2622 1472 2706 pondo
1538 2644 1842 2686 coronam
1905 2645 2165 2688 auream
2214 2623 2317 2686 de-
2346 2649 2397 2690 25

272 2710 446 2775 disse
514 2731 583 2773 se
646 2707 793 2774 Ioui
857 2711 1099 2775 donum
1166 2711 1429 2794 scripsit
1489 2710 1562 2775 T.
1621 2709 1961 2787 Quinctius
2027 2712 2315 2792 dictator,

274 2820 425 2864 cum
471 2820 588 2883 per
633 2820 870 2864 nouem
918 2800 1055 2864 dies
1100 2800 1376 2864 totidem
1425 2799 1616 2864 urbes
1665 2805 1730 2865 et
1777 2802 2091 2867 decimam
2128 2800 2316 2866 Prae-

272 2892 457 2953 neste
504 2888 798 2973 cepisset.
890 2890 958 2953 id
1015 2889 1381 2974 significare
1427 2889 1519 2953 ait
1568 2887 1826 2955 Cincius
1873 2892 1944 2954 in
1987 2889 2317 2976 Mystago-

272 2978 468 3064 gicon
513 2976 555 3042 l.
593 2976 676 3041 H.
725 2977 887 3042 duas
929 2978 1129 3043 libras
1175 2980 1395 3063 pondo
1444 2982 1506 3042 et
1552 2979 1874 3045 trientem.
1921 3017 2011 3027 —
2055 2981 2222 3046 Fest.
2260 3004 2314 3046 v.

270 3069 558 3133 mentem
592 3088 663 3148 Ρ.
702 3066 852 3131 363.
2346 3098 2399 3139 so

420 3209 472 3278 1)
511 3209 803 3276 nucupata
847 3208 962 3263 cod.
1110 3210 1162 3278 2)
1201 3208 1519 3277 nominata,
1567 3209 1720 3262 certa
1778 3210 2026 3265 Ursinus.
2087 3210 2318 3265 nomina

272 3282 426 3335 certa
480 3280 598 3335 eod.
664 3279 890 3333 nomine
947 3282 1220 3348 concepta
1275 3282 1395 3335 Hu.
1580 3282 1633 3349 3)
1670 3284 2053 3351 nuncupasset
2088 3283 2202 3338 eod.
2241 3293 2245 3298 ·

270 3355 324 3422 4)
361 3351 426 3408 id
463 3354 553 3405 est
619 3351 869 3406 Ursinus.
933 3351 1018 3407 ita
1054 3352 1169 3407 eod.
1317 3355 1371 3421 ὅ)
1407 3354 1651 3407 restituit
1688 3353 1801 3419 fere
1853 3354 1971 3408 Hu.
2031 3355 2228 3409 ‘Recht
2264 3355 2316 3409 cl.

272 3423 517 3479 Nexum’
548 3440 612 3493 Ρ.
644 3426 766 3477 258.
950 3424 1003 3492 6)
1038 3422 1474 3478 Atheniensium
1529 3423 1681 3492 apud
1724 3441 1864 3492 quos
1905 3426 2159 3491 Mueller,
2196 3426 2314 3479 Ην..

270 3498 563 3550 atavorum
592 3494 749 3564 apud
786 3510 927 3562 quos
955 3495 1290 3561 Hirschfeld.
1366 3494 1727 3549 Athamantis
1758 3512 1827 3552 ex
1871 3512 1983 3564 quo
2025 3496 2319 3551 Mereklin.

275 3569 323 3636 ’1)
358 3568 428 3634 cf.
469 3568 633 3635 infra
671 3567 758 3621 M.
798 3566 1080 3620 Antistius
1117 3566 1302 3621 Labeo
1340 3571 1372 3619 ὅ
1403 3584 1536 3638 pay.
1569 3572 1654 3621 56.
