2650 3917
1110 176 1172 231 L.
1211 174 1510 232 CINGIVS.
2236 178 2325 243 25

423 338 478 404 2.
498 342 779 422 Κίγκιος
798 340 873 406 δὲ
892 338 1253 425 ὁῬωμαῖος
1365 339 1621 407 Cincius
1647 347 1854 406 amem
1893 342 2171 424 sophista
2197 343 2326 408 Ro-

284 430 612 513 σοφιστής
652 445 819 513 φησι
864 431 986 513 τὴν
1023 428 1251 515 Ἀφρο-
1351 450 1590 495 memus
1643 431 1934 496 Venerem
1978 452 2054 497 ex
2096 452 2325 515 spuma

270 518 479 601 -ὃίτην
526 516 590 596 ἐξ
638 517 864 604 ἀφροῦ
909 524 1253 603 τεχθῆναι,
1358 526 1581 585 natam
1627 520 1805 599 dicit,
1860 521 2022 587 velut
2064 541 2139 587 ea:
2184 527 2326 587 ae're

285 604 496 672 οἱονεὶ
557 606 626 671 ἐκ
692 616 814 673 τοῦ
879 609 1252 692 χιονώδους
1347 611 1571 675 nivoso
1598 615 1656 674 et
1686 610 1936 693 friyida
1971 610 2324 677 subsimitia

283 693 480 781 ἀέρος
523 695 635 761 καὶ
681 706 797 781 τῆς
841 706 1102 781 ψυχρᾶς
1138 697 1251 763 οὐ·
1358 719 1464 763 ver
1496 706 1910 781 procreatum.
2350 726 2377 768 6

283 786 431 862 σίας
475 786 550 849 τὸ
608 788 724 869 ἔαρ
782 784 1247 871 ἀποτεχθῆναι.
1347 807 1350 812 ·

283 911 370 919 —
402 874 496 939 Ιο.
535 874 691 958 Lyd.
731 875 808 940 cle
842 896 1031 941 mens.
1069 875 1132 961 4,
1162 874 1249 940 64
1345 912 1350 916 ·

274 963 594 1047 p.118,1
635 965 727 1029 ed.
771 964 1095 1032 Wueusch.
1629 1004 1637 1013 ·

419 1051 511 1118 28.
567 1051 710 1119 Ὅτι
773 1056 897 1138 τὴν
959 1052 1249 1138 Ἀθηνᾶν
1367 1054 1491 1136 Qui
1562 1056 1731 1120 cirea
1807 1053 2097 1121 Oincium
2158 1062 2321 1137 sumt,

281 1140 519 1227 οἱπερὶ
537 1143 657 1208 τὸν
675 1146 964 1226 Κίγκιον
986 1154 1249 1228 πνεῦμα
1358 1144 1570 1210 volunt
1614 1144 1981 1210 Minervam
2024 1146 2322 1228 spiribmn
2349 1174 2405 1215 10

279 1237 479 1296 θεῖον
525 1223 697 1297 εἶναι
740 1234 1101 1315 βούλονται
1137 1233 1249 1299 καὶ
1359 1235 1651 1299 divinum
1678 1240 1736 1299 et
1764 1234 2152 1300 indelebilem
2179 1256 2320 1301 esse.

280 1321 655 1404 ἄφθαρτον.
700 1358 791 1368 -
836 1322 1128 1406 Ιο.14]ιι.
1175 1323 1253 1388 cle

278 1406 1247 1522 meus.4‚22p.,.8012edW

415 1496 510 1566 2¹⁰.
580 1497 648 1565 Ὁ
713 1496 786 1565 δὲ
858 1502 1037 1585 παρὰ
1103 1498 1250 1566 Ῥω-
1361 1500 1621 1568 Cmcius
1700 1508 1915 1568 wuctor
1991 1502 2323 1570 Romanus

278 1590 502 1672 μαίοις
546 1591 829 1672 Κίγκιος
891 1590 1066 1673 λέγει
1121 1615 1248 1675 χω·
1357 1593 1453 1657 ait
1480 1591 1830 1657 Vulcanum
1857 1592 2125 1674 pedibus
2151 1593 2320 1658 elau-
2347 1619 2401 1661 ιε

281 1678 404 1742 λὸν
431 1679 523 1743 τὼ
551 1679 718 1743 πόδε
740 1679 860 1744 τὸν
863 1676 1247 1762 ’Ήφαιστον
1357 1682 1509 1746 dum
1574 1683 1777 1764 accipi
1825 1688 2086 1765 propter
2146 1684 2322 1765 inae-

282 1766 748 1852 λαμβάνεσθαι
768 1769 881 1833 διὰ
900 1770 976 1833 τὸ
1008 1769 1247 1834 ἄνισον
1355 1771 1720 1852 qualitatem
1766 1791 1985 1886 cum-sus
2026 1758 2191 1838 solis.

278 1866 393 1940 τῆς
438 1855 635 1939 ἡλίου
681 1860 970 1943 πορείας.
1016 1896 1106 1905 —
1151 1859 1244 1924 Ic.
1349 1935 1354 1936 γ

277 1945 529 2029 Dydde
544 1966 734 2012 mens.
745 1947 805 2031 4,
819 1945 982 2030 8612.
998 1947 1147 2032 135,
1162 1949 1240 2012 17
1829 2023 1832 2024 ⁷

277 2036 370 2099 ed.
423 2035 525 2102 W.
2345 2065 2402 2107 ιο

411 2124 467 2189 3.
518 2123 780 2189 Cincius
836 2124 945 2211 (sc.
990 2124 1268 2213 Maium)
1323 2149 1612 2192 mensem
1666 2128 2071 2193 nominatum
2127 2132 2318 2212 putat

278 2235 315 2276 a
377 2213 572 2298 Maia,
632 2236 828 2299 quam
891 2214 1171 2280 Vulcani
1236 2216 1396 2282 dicit
1458 2238 1744 2302 uxorem,
1807 2220 2317 2302 argumentoque

276 2301 503 2387 utitur,
569 2303 743 2387 quod
801 2303 1039 2369 flamen
1093 2304 1469 2370 Vulcanalis
1534 2268 1843 2368 Kalendis
1904 2303 2099 2370 Maiis
2163 2304 2318 2371 huic

279 2390 435 2456 deae
481 2413 620 2456 rem
668 2392 958 2457 diuinam
1003 2393 1178 2458 facit.
1225 2431 1312 2440 —
1360 2393 1642 2459 Macrob.
1688 2392 2208 2480 Sat.1,12,18.

407 2481 469 2547 4.
515 2478 744 2545 Iunius
794 2532 807 2545 .
839 2533 853 2550 .
882 2533 897 2547 .
927 2533 984 2546 ..
1031 2486 1106 2546 ut
1155 2482 1417 2548 Cincius
1463 2482 1844 2568 arbitratur,
1891 2445 2067 2568 qumi
2119 2482 2312 2550 Iuno·
2339 2511 2393 2553 25

274 2570 421 2634 nius
469 2570 646 2654 apud
679 2568 949 2635 Latinos
978 2575 1129 2636 ante
1164 2572 1489 2637 uocitatus
1537 2572 1776 2656 diuque
1809 2572 1983 2657 apud
2010 2573 2310 2639 Aricinos

272 2658 862 2745 Praenestinosque
904 2659 1028 2726 hac
1072 2660 1507 2746 appellatione
1552 2662 1624 2727 in
1666 2661 1873 2726 fastos
1919 2662 2162 2728 relatus
2210 2662 2313 2729 sit.

273 2786 361 2796 —
406 2749 699 2815 Macrob.
745 2748 881 2815 Sat.
923 2751 978 2836 1,
1020 2751 1123 2837 12,
1160 2750 1264 2816 30

405 2838 461 2905 5.
511 2841 793 2923 Κίγκιος
840 2837 915 2904 ἐν
955 2847 1046 2929 τῷ
1086 2803 1238 2925 περὶ
1355 2838 1615 2905 Cincius
1649 2841 1722 2905 iu
1767 2841 1924 2906 libro
1971 2842 2049 2906 de
2088 2840 2312 2923 fastis¹

271 2925 529 3012 ἑορτῶν
584 2927 762 3012 λέγει
834 2930 954 2995 τὸν
1000 2906 1239 3011 Νοέμ-
1348 2931 1443 2995 ait
1487 2930 1896 2995 Novembrem
1940 2931 2119 3012 opud
2159 2937 2312 2997 vete-
2339 2958 2393 2998 so

270 3021 474 3101 βριον
518 3019 700 3104 παρὰ
746 3028 887 3095 τοῖς
931 3022 1239 3096 παλαιοῖς
1345 3040 1447 3085 res
1499 3019 1975 3085 Mercedonium
2020 3022 2312 3085 uomina-

268 3108 712 3194 Μερκηδῖνον
770 3107 1236 3192 ὀνομασθνηναι
1306 3114 1479 3183 ,ιιιιη
1539 3110 1738 3190 fuisse
1799 3108 1961 3175 velut
2010 3111 2314 3176 mercedes

269 3195 508 3274 ὡςανεὶ
608 3199 1055 3280 μισθοφόρον.
1161 3195 1236 3262 ἐν
1341 3199 1669 3280 ferentem,·
1722 3199 1829 3263 illo
1884 3201 2052 3264 euim
2107 3220 2313 3265 mense

268 3286 446 3374 αὐτῷ
494 3287 626 3370 γὰρ
683 3298 823 3362 τοῖς
877 3288 1235 3372 κτήτορσιν
1346 3288 1623 3353 dominis
1702 3288 2093 3354 concluderes
2151 3310 2311 3371 peu-

408 3501 464 3567 1)
505 3499 777 3568 ‘propr-ie:
816 3499 906 3553 ‘de
939 3499 1136 3565 festis'.
1185 3499 1280 3554 sed
1316 3500 1516 3570 Lydus
1550 3501 1635 3555 ita
1671 3500 1738 3555 de
1771 3501 1937 3568 fastis
1983 3501 2184 3555 librum
2220 3502 2307 3554 iu-

268 3570 529 3626 taumate
561 3569 821 3626 videtur&
859 3570 981 3623 Hu.
