2650 3917
910 182 1034 237 GAI
1068 182 1325 237 INSTIT.
1364 184 1391 238 Ι
1429 188 1655 238 90-93.
2171 185 2298 249 165

260 343 562 426 liberum?
587 347 781 425 nasci,
827 346 1115 411 naturali
1160 347 1411 411 ratione
1454 347 1558 433 fit;
1603 369 1752 413 nam
1797 348 1884 427 hi,
1935 349 2050 432 qui
2097 348 2298 435 illegi-

261 421 418 499 time
467 435 936 520 concipiuntur,
984 439 1223 500 statum
1270 441 1532 501 sumunt
1570 459 1650 500 ex
1691 458 1766 500 eo
1813 441 2122 521 tempore,
2169 460 2297 522 quo

263 529 643 609 nascuntur-3
699 525 919 607 itaque
966 524 1022 589 si
1069 547 1148 589 ex
1191 525 1398 590 libera
1451 529 1828 609 nascuntur,
1881 526 2068 592 liberi
2114 528 2299 610 fiunt,

259 635 381 679 nec
425 615 714 697 interest,
750 636 829 678 ex
867 635 996 697 quo
1025 618 1230 678 mater
1266 636 1378 680 eos
1407 615 1773 699 conceperit
1786 613 1827 699 ¹,
1872 637 2017 681 cum
2065 616 2299 681 ancilla

260 702 486 767 fuerit:
526 707 592 767 at
628 702 716 785 hi,
755 704 865 787 qui
904 703 1190 789 legitime
1228 705 1696 790 concipiuntur,
1735 725 1813 768 ex
1860 706 2297 789 conceptionis
2366 740 2375 752 ·

262 796 554 875 tempore
619 796 859 858 statum
934 799 1212 857 sumunt.
1304 792 1398 858 90.
1446 791 1673 877 Itaque
1739 794 1795 857 si
1867 793 1977 859 cui
2044 795 2300 859 mulieri

264 882 394 946 ciui
425 879 753 946 Romanae
788 881 1125 968 praegnati
1154 904 1322 965 aqua
1350 886 1416 946 et
1442 883 1580 968 igni
1627 883 2039 948 interdictum
2083 883 2299 964 fuerit,

261 991 470 1055 eoque
533 971 728 1035 modo
773 971 1116 1056 peregrina
1169 969 1374 1037 facta²
1435 977 1591 1037 tunc
1658 973 1895 1056 pariat,
1958 972 2299 1056 conplures

266 1059 682 1147 distinguunt
717 1062 783 1124 et
829 1064 1080 1145 putant,
1108 1061 1165 1124 si
1203 1061 1461 1144 quidem
1500 1082 1580 1125 ex
1624 1061 1812 1125 iustis
1858 1061 2106 1145 nuptiis
2152 1082 2298 1126 con-

260 1148 558 1233 ceperit¹‚
603 1149 811 1215 ciuem
856 1148 1219 1215 Romanum
1276 1172 1355 1216 ex
1400 1172 1476 1214 ea
1517 1152 1726 1234 nasci,
1780 1151 1836 1214 si
1889 1171 2044 1215 uero
2099 1152 2297 1236 uolgo

262 1237 681 1322 conceperit¹‚
728 1240 1141 1325 peregrinum
1188 1262 1267 1304 ex
1314 1262 1389 1305 ea
1431 1237 1658 1305 nasci.⁸
1745 1239 1830 1304 91.
1877 1238 2040 1305 Item
2080 1240 2135 1304 si
2173 1262 2299 1324 qua

260 1328 494 1392 mulier
558 1328 720 1392 ciuis
782 1327 1076 1393 Romana
1138 1349 1456 1415 praegnas
1522 1350 1599 1394 ex
1672 1333 1929 1394 senatus
2003 1329 2299 1394 consulto

259 1414 616 1481 Claudiano
682 1418 915 1482 ancilla
967 1416 1139 1482 facta
1194 1419 1282 1482 sit
1338 1419 1420 1483 ob
1465 1418 1549 1502 id,
1613 1418 1786 1502 quod
1844 1418 2054 1483 alieno
2109 1439 2298 1483 seruo

259 1507 472 1570 inuito
530 1510 596 1571 et
651 1505 1065 1571 denuntiante
1130 1506 1391 1573 domino
1457 1506 1593 1571 eius
1658 1509 1895 1592 coierit,
1960 1509 2298 1591 conplures

259 1594 704 1681 distinguunt·¹
745 1600 811 1660 et
857 1596 1247 1680 existimant,
1293 1596 1350 1660 si
1395 1597 1654 1680 quidem
1693 1619 1772 1660 ex
1817 1597 2008 1661 iustis
2052 1597 2299 1681 nuptiis

265 1688 618 1769 conceptus
675 1685 787 1768 sit,
841 1686 1048 1751 ciuem
1103 1684 1468 1750 Romanum
1523 1708 1601 1750 ex
1649 1707 1724 1749 ea
1776 1688 1984 1770 nasci,
2039 1688 2096 1750 si
2142 1706 2297 1751 uero

259 1775 460 1859 uolgo
508 1777 858 1858 conceptus
904 1775 1017 1856 sit,
1079 1795 1331 1840 seruum
1384 1775 1563 1839 nasci
1619 1776 1757 1838 eius
1768 1826 1786 1858 ,
1849 1775 2032 1839 cuius
2095 1779 2301 1840 mater

260 1862 434 1928 facta
473 1866 641 1927 esset
677 1863 929 1929 ancilla.
1007 1863 1103 1929 92.
1141 1863 1491 1951 Peregrina
1529 1885 1785 1947 quoque
1823 1865 1878 1928 si
1911 1863 2111 1950 uolgo
2152 1885 2298 1929 con-

261 1953 523 2035 ceperit,
568 1951 797 2016 deinde
844 1952 1006 2018 ciuis
1052 1951 1347 2018 Romana
1387 1954 1563 2034 facta
1609 1956 1765 2017 tunc
1808 1954 2047 2037 pariat,
2091 1954 2298 2018 ciuem

262 2041 628 2106 Romanum
674 2042 872 2125 parit3
911 2042 966 2106 si
993 2064 1147 2107 uero
1179 2064 1256 2106 ex
1294 2043 1637 2127 peregrino
1680 2039 1688 2128 Ι
1730 2042 2079 2108 secundum
2118 2041 2295 2128 leges
2335 2055 2405 2104 25

258 2151 598 2215 moresque
643 2131 1128 2217 peregrinorum
1179 2133 1545 2216 conceperit
1557 2130 1597 2209 ¹,
1645 2132 1737 2195 ita
1780 2131 2040 2196 uidetur
2085 2154 2163 2196 ex
2206 2154 2297 2196 se·

258 2224 454 2284 natus
520 2220 846 2304 consulto,
911 2221 1084 2304 quod
1138 2225 1401 2286 auctore
1460 2220 1612 2285 diuo
1669 2219 2000 2286 Hadriano
2055 2221 2297 2287 factum

261 2314 377 2392 est,
443 2307 650 2373 ciuem
695 2308 1059 2375 Romanum
1125 2331 1365 2395 parere,
1431 2310 1488 2374 si
1533 2315 1599 2374 et
1642 2311 1817 2394 patri
1862 2311 1999 2377 eius
2065 2311 2297 2376 ciuitas

261 2398 554 2463 Romana
600 2395 929 2464 donetwr.⁶

395 2486 490 2552 93.
540 2485 611 2551 Si
655 2488 1029 2574 peregrinus
1069 2488 1194 2552 sibi
1241 2487 1594 2573 liberisque
1633 2490 1766 2554 suis
1805 2488 2135 2554 ciuitatem
2169 2488 2297 2553 Ro-

261 2598 519 2641 manam
568 2577 849 2661 petierit,
885 2599 1015 2641 non
1063 2576 1250 2641 aliter
1287 2578 1408 2642 filii
1445 2579 1515 2643 in
1558 2583 1880 2662 potestate
1925 2578 2064 2643 eius
2109 2579 2296 2662 fiunt,

406 2771 459 2838 1)
497 2769 760 2839 concepit
793 2769 862 2824 V.
1041 2774 1093 2841 2)
1130 2772 1255 2826 vide
1290 2773 1665 2843 apoyraphon.
1847 2774 1902 2841 3)
1939 2771 2192 2825 nascitur
2226 2770 2294 2825 V.

260 2844 330 2966 (412)
331 2841 849 2967 ἔζὶααξῖξναῗῖξῖη.
1101 2846 1155 2913 ὃ)
1197 2844 1422 2898 ‘rectius
1466 2860 1576 2913 pro
1622 2843 1794 2899 donet
1837 2845 2103 2913 scriptum
2155 2844 2297 2909 foret

400 3078 430 3138 ξ
472 3076 555 3126 90.
612 3074 682 3141 cf.
721 3074 880 3140 infra
919 3079 967 3139 1,
999 3079 1117 3128 161.
1173 3075 1249 3129 D.
1292 3082 1341 3143 1,
1372 3081 1422 3144 ὅ,
1455 3081 1522 3129 18
1560 3077 1714 3146 (Ulp.
1747 3078 1924 3144 2698).

400 3150 432 3209 ξ
471 3148 557 3198 91.
615 3145 685 3211 cf.
722 3161 897 3213 supra
947 3151 995 3210 1,
1025 3148 1109 3199 84.
1182 3147 1343 3213 infra
1392 3153 1440 3213 1,
1472 3152 1589 3200 160.
1676 3148 1797 3217 Uzp.
1848 3153 1932 3210 11,
1965 3153 2049 3200 11.
2123 3147 2291 3201 Paul.

258 3221 306 3284 2,
337 3221 469 3271 218.
510 3220 560 3280 2,
589 3221 677 3282 24,
707 3220 766 3280 2;
796 3220 844 3268 3.
886 3215 943 3270 0.
975 3221 1025 3283 τ,
1056 3222 1140 3282 16,
1170 3221 1202 3270 3
1241 3219 1313 3286 (a.
1338 3221 1479 3286 225).
1519 3223 1568 3282 e,
1600 3223 1686 3286 59,
1718 3224 1748 3271 9
1787 3221 1859 3288 (a.
1881 3221 2022 3287 294).
2064 3223 2114 3284 7,
2144 3222 2228 3285 24,
2261 3224 2289 3272 1

258 3291 327 3356 (a.
359 3289 686 3356 ssi-534).
762 3287 818 3342 0.
865 3288 961 3341 Th.
998 3293 1049 3354 4,
1082 3293 1147 3341 12
1177 3291 1306 3357 (11),
1338 3295 1369 3341 2
1409 3291 1481 3358 (α.
1513 3291 1639 3359 817)
1676 3307 1800 3344 cum
1835 3292 2112 3358 interpret.
2142 3294 2194 3356 4,
2226 3295 2292 3344 12

259 3360 382 3484 θαι),
413 3363 450 3412 6
479 3360 556 3427 (6)
585 3361 831 3483 (α.8362).
905 3360 954 3412 1.
996 3363 1046 3424 3,
1077 3365 1161 3427 12,
1193 3366 1221 3413 1
1253 3377 1377 3414 cum
1402 3361 1629 3430 Theoph.
1662 3360 1839 3430 (Ferr.
1862 3378 1925 3430 p.
1948 3363 2092 3429 916).
2154 3361 2292 3417 Tert.

367 3445 529 3485 uxor.
570 3435 621 3498 2,
689 3472 700 3482 .

397 3507 429 3567 ς
471 3506 556 3555 92.
612 3502 682 3569 cf.
719 3518 895 3571 supra
933 3508 981 3568 1,
1013 3506 1096 3556 77.
1152 3503 1311 3569 infra
1352 3510 1400 3569 1,
1432 3509 1514 3558 94.

399 3579 431 3638 5
474 3577 559 3627 99.
617 3574 688 3640 cf.
726 3574 884 3641 infra
922 3578 972 3640 2,
1004 3578 1147 3627 185⁸.
1222 3579 1273 3640 8,
1303 3579 1389 3629 20.
1452 3592 1628 3646 supra
1669 3582 1716 3645 1,
1746 3580 1831 3632 55.
1907 3577 2058 3632 Ptin.
2098 3593 2179 3646 ep.
2217 3577 2294 3631 ad
